3500 5784
473 816 540 880 360
807 830 953 881 noenum
975 830 1201 879 esosemrsrn

474 1020 525 1087 sui
546 1020 675 1085 oneris¹
698 1019 770 1085 deti
792 1024 872 1086 sunt
891 1020 923 1085 ei
954 1019 1164 1105 coadjutores,
1189 1022 1313 1085 tradito
1334 1019 1404 1086 eis²
1426 1028 1527 1107 perte

474 1122 608 1209 spiritus
629 1122 708 1207 ejus,
731 1127 766 1187 et
795 1142 865 1187 non
899 1122 1075 1200 totslitete,
1099 1129 1138 1188 ut
1169 1122 1255 1187 siout
1287 1122 1369 1188 dicit
1391 1124 1527 1209 Augus-

474 1226 565 1289 tinus
594 1246 693 1311 super
720 1225 861 1290 eundem
886 1224 1003 1302 locum,
1027 1230 1062 1289 et
1091 1225 1148 1291 isti
1177 1224 1337 1290 haberent
1358 1232 1526 1310 quantum

474 1328 566 1393 Deus
602 1326 712 1407 vellet,
748 1348 816 1392 non
852 1325 918 1393 ut³
954 1326 1028 1392 ideo
1067 1324 1199 1412 Moyses
1228 1328 1339 1391 minus
1375 1326 1526 1391 heberet

475 1428 641 1517 Spiritalis
678 1428 782 1516 igitur
813 1428 988 1516 potestatis
1019 1428 1083 1494 sibi
1115 1428 1277 1494 divinitus
1310 1428 1444 1495 trsditae
1479 1429 1527 1494 ed

474 1533 653 1619 regendum
684 1530 840 1618 populum
870 1532 935 1597 sibi
971 1532 1179 1596 commissum
1212 1530 1411 1597 totalitatem
1444 1532 1529 1596 reti-

473 1636 570 1715 nuit;
592 1641 628 1701 et
655 1637 727 1698 tum
758 1638 913 1720 operante
939 1632 1084 1699 Domino
1114 1633 1154 1699 de
1177 1632 1320 1718 ejusdem
1350 1635 1529 1721 potestatis

475 1735 650 1803 influentis
671 1736 895 1823 unusquisque
917 1736 980 1801 sibi
1002 1734 1231 1821 adjunctorum
1253 1736 1290 1799 in
1319 1736 1526 1821 adjutorium

475 1840 583 1907 oneris
618 1838 837 1919 sustentandi,
873 1839 963 1905 unde
999 1859 1074 1903 eum
1119 1859 1157 1902 eo
1195 1858 1276 1903 onus
1313 1842 1525 1917 serstentnret,

475 1942 638 2030 srrsoepit3
661 1963 721 2007 nee
741 1941 865 2029 reoepit
886 1941 1059 2028 quisquam
1081 1960 1201 2017 eorum,
1217 1961 1277 2006 nee
1291 1940 1391 2006 etiam
1410 1962 1528 2007 omnes

474 2044 581 2121 simul,
611 2044 747 2130 spiritus
776 2042 886 2129 Moysi
924 2042 1172 2129 plenitudinem
1241 2042 1318 2108 Non
1359 2044 1446 2109 enim
1475 2044 1526 2109 sit

476 2147 645 2223 Dominus,
661 2144 831 2230 Auferam
852 2143 1020 2231 spir-iteum
1042 2151 1144 2210 tuum
1161 2143 1361 2231 tradamque
1381 2144 1437 2225 eie,
1453 2147 1525 2222 sed,

474 2248 647 2334 Auferam
678 2247 718 2313 de
748 2246 880 2335 spiritu
911 2254 968 2313 tuo
979 2272 993 2327 ;
1027 2270 1086 2334 per
1115 2248 1176 2313 hoe
1206 2268 1375 2313 reservans
1397 2248 1527 2335 aliquid

475 2350 633 2439 potestati
655 2350 765 2436 Moysi
786 2350 876 2436 quod
898 2372 965 2415 non
993 2348 1214 2415 committeret
1236 2350 1394 2415 inferiori.

310 2467 441 2519 Therone
522 2452 683 2519 Praelstus
696 2454 809 2540 igitur,
824 2453 918 2538 eujus
932 2457 1035 2538 typus
1056 2458 1107 2517 mt
1129 2452 1269 2537 Moyses,
1285 2472 1352 2517 non
1374 2454 1528 2521 minutus

308 2535 438 2586 terreos

309 2602 352 2653 the
362 2616 419 2667 pre·

307 2668 380 2721 hee

312 3664 343 3714 of
350 3679 366 3713 e
374 3662 466 3713 mirror

311 3729 441 3793 redeedng

478 2561 643 2645 potestate
658 2558 738 2622 dots
758 2555 833 2620 eliis
855 2555 897 2620 de
929 2556 1047 2642 spiritu
1070 2576 1128 2620 suo
1157 2556 1194 2619 in
1217 2576 1329 2621 omnes
1350 2576 1425 2621 suos
1446 2558 1527 2623 suo

479 2661 575 2737 ditos,
597 2659 731 2746 plenem
749 2658 850 2723 habet
872 2657 1074 2722 ordinariam
1097 2662 1131 2722 et
1148 2656 1357 2742 judiciariam
1378 2664 1528 2747 poteste-

478 2768 556 2844 tem,
580 2785 617 2828 se
638 2785 698 2849 per
718 2760 779 2827 hoo
800 2762 931 2848 plenem
953 2760 1185 2827 correctionem
1200 2766 1234 2825 et
1252 2761 1527 2829 reformationem.

475 2866 562 2946 erin
593 2872 715 2942 temen,
744 2885 814 2950 pree
843 2862 1059 2929 multitudine
1089 2861 1295 2928 subditorum
1325 2884 1411 2929 curre
1441 2888 1523 2947 suae,

474 2968 517 3032 ad
539 2968 645 3033 instsr
667 2966 776 3050 Moysi
797 2987 865 3029 non
894 2970 1004 3052 potest
1042 2986 1125 3030 onus
1153 2964 1259 3030 totius
1295 2965 1526 3033 multitudinis

475 3092 533 3157 per
554 3067 683 3155 singule
706 3068 793 3133 solus
815 3068 983 3144 sustinere,
1008 3066 1177 3132 adduntur
1205 3066 1268 3131 sibi
1292 3067 1462 3135 inferiores
1484 3070 1522 3134 in

475 3172 677 3258 adjutorium
708 3169 813 3234 oneris
850 3166 983 3234 seeum⁴
1020 3168 1155 3249 ferendi,
1192 3175 1324 3255 recepte
1360 3177 1526 3257 potestate

475 3275 519 3339 od
541 3273 601 3339 hoo
622 3272 807 3338 feriendum
837 3272 879 3336 de
901 3270 1077 3336 influentis
1097 3270 1270 3359 potestatis
1299 3272 1436 3359 praelsti,
1460 3275 1527 3339 ut⁸

476 3374 631 3461 quioquid
653 3374 779 3439 fuciunt
800 3374 837 3438 in
859 3372 1043 3439 ministerio
1064 3373 1190 3439 ferendi
1205 3374 1324 3452 oneris,
1339 3374 1380 3441 de
1394 3376 1527 3463 prensi

475 3478 599 3543 facient
635 3480 806 3563 potestate,
845 3479 885 3540 ut
929 3476 998 3561 ipse
1035 3474 1191 3561 praelstus
1235 3476 1340 3563 magis
1377 3478 1421 3542 sit
1465 3480 1526 3563 qui

312 3596 434 3661 sumpte
476 3584 629 3666 operetur
649 3581 687 3643 in
709 3579 755 3644 eis
777 3600 876 3664 quam
899 3578 962 3664 ipsi
994 3576 1053 3663 qui
1074 3581 1259 3663 operentur.
1305 3578 1527 3658 Quemadmo-

476 3682 555 3748 dum
591 3702 666 3747 eum
703 3680 871 3767 speculum
908 3678 1065 3764 recipiens
1105 3678 1317 3743 incidentium
1355 3680 1524 3747 radiorum

312 3796 431 3847 rhemn's
477 3784 554 3851 solis
577 3804 696 3867 eosque
710 3783 889 3860 reflectens,
914 3786 950 3846 et
972 3778 1074 3859 loosl,
1098 3782 1134 3845 in
1157 3782 1275 3868 quibus
1298 3782 1384 3847 rodii
1405 3782 1527 3850 solares

311 3878 378 3930 nr*

477 3886 594 3953 directi
637 3907 698 3972 per
740 3884 1026 3970 interpositionem
1080 3884 1221 3970 eorporis
1275 3885 1403 3949 obscuri
1452 3906 1523 3953 non

477 3988 637 4067 incidunt,
653 3986 822 4051 illustrans
844 3990 925 4063 tots,
949 3986 1019 4051 haee
1041 3986 1219 4051 illustratio
1241 3986 1345 4073 magis
1368 3991 1419 4052 est
1440 4010 1524 4074 opus

476 4092 554 4157 solis
574 4111 674 4176 quom
702 4087 833 4174 speculi,
856 4088 1023 4153 imovero
1053 4092 1127 4152 toto
1148 4093 1198 4152 est
1220 4108 1300 4173 opus
1329 4088 1422 4169 solis;
1444 4110 1523 4157 vere

478 4213 620 4278 nomque
654 4190 769 4255 soleris
799 4190 913 4255 radius
947 4194 997 4255 est
1019 4189 1077 4277 qui
1098 4190 1169 4254 locs
1199 4187 1351 4266 illustret,
1374 4190 1417 4255 ad
1447 4212 1523 4276 qum

476 4416 601 4423 ——-—--—

512 4552 519 4581 ¹
536 4550 628 4616 oneris]
646 4550 735 4615 operis,
747 4548 819 4600 hin.
998 4562 1003 4571 ·
1059 4544 1068 4574 ⁴
1083 4546 1175 4612 mum]
1194 4546 1317 4605 similiter,
1327 4546 1400 4597 'Prin

511 4630 586 4695 τρες]
604 4645 628 4690 ι,
639 4629 711 4679 nu.
1058 4625 1125 4691 ⁵et]
1144 4632 1177 4687 et,
1189 4624 1259 4676 rm.

511 4710 522 4740 ⁸
538 4708 577 4775 ee]
595 4724 645 4759 om.
657 4708 746 4759 C.C.C.
1057 4707 1068 4736 ⁰
1084 4702 1150 4769 loeo]
1169 4720 1217 4755 om.
1230 4702 1300 4757 'Irin
