3500 5784
677 897 853 949 rarsroaa.
1225 885 1289 947 113

290 1075 498 1164 Quapropter
518 1075 730 1163 paternitatis
752 1079 871 1141 vestrae
905 1073 1114 1140 sanctitatem
1145 1072 1289 1167 obtestor

243 1181 278 1242 et
299 1177 415 1262 adjuro
428 1200 495 1266 per
517 1179 725 1246 tremendam
742 1177 914 1263 judicium,
937 1181 1098 1262 quatenus
1119 1175 1290 1240 evidenter

243 1284 278 1344 et
301 1279 443 1346 dilucide
472 1279 555 1345 mihi
584 1280 750 1358 rescribat,
781 1280 866 1346 sicut
896 1279 1017 1345 bonam
1050 1278 1125 1342 vult
1155 1276 1289 1342 reddere

242 1385 404 1450 rationem
426 1407 485 1472 pro
507 1407 560 1451 me
589 1385 625 1450 in
657 1385 770 1451 eodem
803 1384 952 1450 districto
984 1382 1141 1462 examine,
1175 1388 1288 1447 utrum

242 1485 385 1574 religiosi
406 1493 441 1554 et
462 1487 569 1555 clerici
597 1483 797 1576 praescripta
814 1486 972 1568 faciendo,
1004 1490 1039 1552 et
1070 1484 1200 1573 praelati
1232 1483 1289 1571 qui

242 1613 354 1658 auram
387 1614 501 1660 eorum
522 1591 652 1682 'gerrmt
682 1593 752 1660 haec
779 1593 963 1679 'aliquando
993 1591 1214 1679 permittendo
1236 1590 1289 1656 vel

243 1693 488 1774 dissimulando,
527 1697 581 1762 vel
625 1695 714 1784 quod
757 1694 863 1781 majus
900 1700 959 1774 est,
1006 1694 1049 1760 ad
1094 1694 1289 1760 mandatum

242 1797 369 1884 regium
391 1799 434 1864 ad
463 1795 545 1865 talia
574 1797 806 1886 compellendo,
840 1798 897 1864 vel
927 1797 969 1864 ob
999 1797 1152 1863 timorem
1181 1797 1288 1862 insur-

241 1902 351 1986 gentis
372 1901 584 1968 adversitatis
614 1902 844 1968 correctionem
877 1900 1007 1982 talium,
1039 1900 1216 1966 dummodo
1238 1901 1288 1964 in-

243 2003 341 2068 terim
367 2008 516 2091 agantur,
549 2003 737 2082 differendo,
770 2007 913 2090 peccent,
946 2025 989 2068 an
1023 2007 1111 2069 nont
1144 2003 1289 2090 quidque

242 2105 326 2170 mihi
348 2107 492 2194 meisque
514 2106 665 2188 subditis,
688 2127 756 2172 non
787 2107 965 2172 secundum
996 2107 1173 2172 mundanae
1203 2106 1289 2193 sapi·

242 2209 350 2287 entiae,
374 2231 448 2296 quae
471 2210 622 2275 deorsum
645 2213 703 2288 est,
728 2209 909 2290 consilium,
932 2230 993 2274 nec
1014 2209 1114 2274 etiam
1136 2209 1289 2276 humanae

242 2310 422 2398 sapientiae,
455 2335 528 2398 quae
559 2312 600 2378 de
633 2311 741 2377 medio
773 2316 831 2390 est,
866 2312 924 2377 sed
954 2311 1078 2378 divinae
1118 2312 1289 2398 sapientiae

243 2433 318 2499 quoe
342 2413 383 2480 de
405 2435 547 2480 cursura
570 2420 623 2496 eat,
647 2414 683 2479 in
705 2419 759 2480 tot
781 2419 815 2479 et
837 2413 942 2479 tantis
964 2435 982 2479 e
1004 2414 1133 2480 diverso
1155 2415 1288 2479 venien·
1301 2427 1328 2480 s,
1339 2428 1395 2480 Jaa
1406 2429 1442 2479 iii.

241 2515 333 2581 tibus
355 2515 558 2604 impulsibus,
583 2518 628 2582 sit
658 2521 744 2582 certe
775 2522 809 2582 et
843 2516 1063 2583 determinate
1084 2516 1290 2583 faciendum?
1304 2498 1342 2547 ¹⁷·

242 2617 288 2682 Et
309 2619 338 2683 si
359 2619 396 2682 in
411 2619 607 2707 praescriptis
628 2624 785 2706 peccetur,
804 2618 883 2684 “hie
898 2623 1002 2685 estote
1017 2640 1130 2685 murus
1144 2619 1291 2699 aeneus,''
1302 2599 1365 2648 ¹¹⁰¹·
1378 2599 1455 2664 EPss‘·

243 2719 332 2784 omni
355 2721 590 2813 persecutionis
613 2721 769 2808 impulsui
791 2742 850 2808 pro
882 2727 997 2786 nostra
1018 2721 1290 2808 pusillanimitate
1302 2666 1456 2783 ileliaglla'on

242 2821 356 2908 prius¹
393 2823 570 2910 oppositus.
617 2819 685 2888 Hic
717 2827 823 2889 estote
855 2822 926 2888 dux
958 2822 996 2888 in
1029 2823 1145 2890 castus
1178 2821 1289 2903 Israel,
1302 2799 1430 2928 {hssfflss

242 2923 428 3010 praeliantes
450 2927 599 3013 praelium
621 2924 759 2991 Domini
788 2947 862 2991 eum
897 2925 969 2990 viro
1003 2925 1180 2992 fortissimo
1201 2927 1432 2992 Judacomefor·

243 3027 441 3108 Machabaeo,
488 3028 689 3116 accipientes
721 3035 941 3126 areaatarara
984 3029 1050 3096 Da·
1083 3036 1123 3096 at
1151 3029 1291 3118 poeettta
1303 3001 1438 3117 &aaa

241 3129 390 3197 resistere
410 3131 455 3198 ira
477 3130 532 3197 da'e
557 3130 656 3211 malo,
689 3136 720 3198 et
749 3129 793 3198 tra
826 3131 986 3197 oraatbae
1014 3130 1157 3218 perfecit
1178 3139 1266 3198 atara
1276 3143 1449 3212 ;aph.vi.1e

242 3232 406 3299 aeaeae
429 3233 558 3300 amaa
579 3233 622 3300 aa
647 3231 796 3313 aeratae,
819 3233 944 3300 aaaaa
966 3232 1109 3300 auam
1136 3215 1360 3320 jarata,·¹⁷·

241 3345 271 3420 et
294 3339 430 3406 catceati
447 3339 614 3426 pedestre
634 3338 887 3426 preparatione
908 3339 1091 3425 anapela'e'
1106 3339 1227 3428 parta:
1249 3341 1294 3408 ta

245 3441 404 3508 antara
448 3447 613 3508 mareotes
657 3448 792 3508 aratura
827 3436 927 3528 fidet,
971 3441 1015 3508 ta
1060 3464 1124 3530 qao
1153 3443 1294 3531 posrttta

246 3543 370 3610 oruata
391 3543 458 3610 tela
478 3543 685 3630 raeqaa'ese'oaa‘
707 3543 899 3628 eattrcpaare
910 3569 925 3624 ;
957 3551 987 3611 at
1007 3544 1141 3630 pateam
1170 3545 1294 3612 eatata'e

246 3653 448 3712 sauromates
470 3653 500 3713 et
521 3645 680 3732 plattam
701 3644 856 3733 parta,
880 3647 971 3734 qaae
992 3655 1039 3713 eat
1060 3647 1199 3715 verbam
1220 3647 1292 3714 Det.

246 3748 300 3814 Sic
323 3750 412 3814 enim
442 3749 563 3815 armati
584 3747 828 3838 praecedentes²
849 3748 1003 3835 ecapatte
1032 3750 1152 3817 caetris
1180 3750 1294 3818 obara-
1305 3759 1349 3810 Pa
1360 3774 1402 3812 xa
1413 3767 1438 3822 ⁴,

246 3849 386 3917 brattta'e
414 3849 521 3930 rwbta,
552 3859 583 3918 et
608 3849 669 3918 aab
696 3849 826 3938 perante
858 3850 979 3918 oestrta
1008 3853 1229 3938 operabimur,
1260 3860 1295 3920 et
1308 3831 1459 3890 ⁷'³'¹¹’¹²'

246 3953 367 4020 audeat
389 3977 413 4021 a
442 3955 545 4021 latere
567 3961 674 4021 aestro
696 3951 792 4020 cattle
813 3959 843 4019 at
866 3951 976 4020 &aaa
997 3954 1101 4022 rattr'a
1122 3977 1146 4022 a
1168 3956 1295 4023 aaran

244 4055 386 4136 ecstasim
424 4058 467 4123 ad
499 4078 559 4122 vos
596 4062 707 4122 autem
739 4076 809 4120 non
839 4056 1117 4144 appropinquabit
1153 4057 1296 4146 laqueus

245 4156 452 4224 aeaaata’ara
474 4178 580 4244 aeque
602 4155 742 4224 uer-tara
765 4179 937 4244 asperam,
959 4159 1044 4245 quta
1064 4160 1109 4228 ta
1138 4161 1297 4228 arettae

246 4258 316 4325 atta
340 4259 459 4326 oretria
477 4257 630 4347 portabit
651 4281 708 4326 coe
729 4259 873 4344 capetus
895 4260 1060 4328 Doratat⁸
1080 4285 1124 4330 ae
1138 4285 1297 4352 acquam

247 4359 426 4447 offendatta
449 4361 497 4430 ad
520 4361 672 4450 lapidera
690 4359 810 4448 pedara
830 4368 986 4429 aearum

281 4533 289 4565 ¹
304 4535 390 4600 priua]
409 4551 451 4586 om
462 4535 514 4586 sie
798 4542 877 4585 verae
899 4538 1001 4600 martyri
1026 4536 1122 4588 Horra
1143 4539 1298 4589 tracturiae

281 4613 480 4680 *pracedeatffl
500 4614 670 4678 presidentes,
682 4614 735 4666 Sia
797 4613 925 4664 mandarit
940 4614 970 4666 de
988 4614 1055 4665 rabir
1074 4626 1103 4667 aa
1120 4617 1241 4667 aaudiat
1256 4635 1298 4667 ror

283 4693 335 4742 'ia
354 4731 360 4744 .
378 4730 385 4745 .
402 4693 517 4760 Domina]
534 4693 747 4756 Porthaone,
799 4693 825 4744 tr
845 4693 953 4744 omnibu
971 4696 1019 4744 atie
1033 4697 1128 4760 veseis,
1141 4698 1184 4760 qui
1202 4698 1228 4746 ia
1247 4713 1298 4746 ara-

250 4771 308 4834 Ox„
330 4773 391 4823 read
411 4773 562 4823 menturae
575 4771 748 4839 predecessori
798 4771 870 4824 aiter
878 4772 1045 4839 portatura.

1139 4873 1166 4920 H
