3500 5784
687 843 866 898 arumna
1238 830 1306 906 24¹7-

257 1019 465 1087 clementiam
496 1019 539 1087 ad
568 1018 804 1090 remittendum
833 1018 1019 1099 faciliorem,
1052 1024 1148 1088 tanto
1184 1023 1304 1090 anxius

256 1123 404 1190 dolemus
423 1146 484 1190 nos
505 1124 704 1211 praestitisse·
718 1123 823 1188 eidem
849 1123 1039 1209 cujusquam
1061 1124 1193 1191 offensae
1216 1147 1305 1192 occa-

255 1225 502 1313 sionem;·quia
523 1229 646 1312 quanto
668 1225 842 1312 benignior
871 1231 922 1292 est
944 1229 979 1296 et
1009 1226 1052 1296 ad
1080 1228 1304 1323 remissionem

255 1325 390 1406 facilior,
425 1332 522 1397 tanto
554 1332 606 1394 est
638 1326 761 1395 offendi
790 1326 966 1414 indignior,
998 1331 1033 1396 et
1070 1328 1166 1415 culpa
1202 1329 1304 1394 offen-

256 1429 364 1498 dentis
382 1431 521 1517 gravior.
566 1429 641 1499 Hoc
662 1433 784 1509 tamen
801 1433 841 1497 ut
862 1430 1002 1498 firmiter
1024 1452 1198 1518 speramus,
1214 1434 1304 1499 unde

256 1537 291 1598 et
312 1533 526 1613 consolamur,
548 1531 637 1620 apud
659 1532 864 1612 clementiam
892 1538 1035 1602 vmtram
1065 1535 1196 1622 eulpam
1229 1557 1304 1600 nos-

255 1634 492 1704 tram¹1eddet
520 1636 675 1703 leviorem
704 1635 876 1722 veniaeque
912 1636 1188 1724 propinquiorem,
1213 1640 1302 1725 quod

255 1737 381 1805 dictum
402 1738 597 1806 mandatum
619 1738 656 1802 in
677 1736 887 1825 simplicitate
908 1738 1014 1805 cordis
1030 1737 1138 1826 (novit
1161 1739 1223 1805 Ille
1245 1741 1303 1828 qui

254 1843 418 1906 scrutator
447 1844 499 1908 est
530 1839 649 1929 cordis)
679 1861 701 1904 a
730 1838 825 1904 nobis
856 1839 1046 1908 emanavit:
1078 1840 1301 1910 intelleximus

255 1942 343 2007 enim
364 1945 440 2030 post
468 1941 673 2009 collationem
700 1939 850 2008 habitam
879 1940 1050 2011 vobiscum
1079 1947 1113 2011 et
1142 1964 1216 2012 cum
1238 1945 1300 2010 ele-

253 2045 330 2111 ricis
359 2045 479 2112 vestris
509 2066 606 2130 super
634 2043 825 2109 executione
857 2042 1007 2112 iacienda
1036 2045 1187 2112 mandati
1220 2035 1304 2117 dicti

253 2147 392 2229 abbatis,
415 2147 504 2234 quod
525 2169 585 2216 vos
615 2145 762 2211 sensistis
786 2166 847 2212 nos
875 2150 1024 2232 oportere
1054 2147 1180 2216 dictum
1208 2171 1301 2217 man-

254 2251 370 2316 datum
404 2249 529 2337 exequi
585 2247 657 2314 Nec
687 2252 829 2328 moveat,
862 2269 1000 2327 oramus,
1030 2253 1151 2318 vestra
1179 2251 1301 2320 mentis

254 2352 473 2418 constentiam
505 2349 641 2436 alicujus
678 2349 843 2438 suggestio
876 2349 920 2416 ad
951 2349 1180 2440 strepicandum
1213 2353 1300 2440 quod

253 2455 289 2520 in
313 2453 409 2520 nobis
437 2452 538 2520 inerit
561 2473 640 2538 erga
667 2456 813 2516 vestram
841 2451 1050 2519 sanot'tatem
1076 2451 1113 2516 in
1143 2453 1300 2540 praedictc

251 2558 338 2624 facto
374 2557 486 2646 aliqua
521 2554 657 2621 sinistra
693 2553 912 2619 commotio&
938 2554 1024 2642 quia,
1056 2555 1152 2624 testis
1187 2561 1300 2625 noster

252 2663 302 2726 est
324 2659 387 2724 Ille
409 2658 468 2746 qui
489 2656 603 2724 Judex
625 2659 684 2733 est,
709 2653 797 2741 quod
819 2675 879 2720 nec
901 2654 938 2723 in
959 2660 1153 2743 conceptum
1175 2662 1298 2726 nostrae

252 2760 434 2830 voluntatis
471 2759 627 2838 ascendit,
665 2761 706 2825 ut
742 2759 861 2823 vestrae
906 2757 1092 2824 sanctitatis
1133 2759 1298 2828 aerariissi-

251 2889 342 2936 mum
377 2865 490 2933 lumen
527 2862 639 2950 aliqua
674 2860 899 2929 obfuscatione
936 2860 1195 2946 obduceremus;
1231 2865 1297 2948 sed,

251 2969 339 3056 quod
360 2967 461 3038 inviti
483 2965 706 3054 compellimur
726 2964 842 3044 dicere,
863 2985 907 3030 ex
932 2985 996 3052 quo
1019 2965 1205 3034 sanctitatis
1227 2987 1299 3034 vcs-

250 3077 312 3142 trae
348 3069 503 3141 notitiam
533 3068 719 3148 habuimus,
749 3087 821 3133 eam
851 3065 1003 3132 laudibus
1036 3067 1193 3136 extollere
1229 3090 1298 3137 non

251 3174 457 3256 cessavimus,
475 3175 519 3257 ,et
544 3171 573 3240 si
602 3170 675 3256 quis
705 3166 791 3234 forte
816 3167 910 3234 velut
939 3167 1092 3240 nubilum
1120 3171 1210 3258 apud
1238 3171 1299 3238 ali-

250 3298 332 3364 quos
365 3276 406 3342 de
435 3297 475 3340 ea
504 3295 540 3339 re
568 3271 744 3338 videbatur
772 3269 952 3356 aliqnando
986 3269 1181 3361 depromere,
1211 3273 1297 3363 (ipsa

250 3381 340 3450 enim
361 3376 498 3444 virtutis
519 3377 579 3442 lux
608 3373 719 3462 impiis
748 3377 800 3438 est
824 3371 1005 3456 tenebrosa,
1033 3378 1068 3438 et
1097 3372 1218 3445 lenitas
1247 3398 1297 3442 as-

249 3483 349 3570 pera)
371 3479 456 3551 illud
477 3476 697 3546 excusationis
718 3479 753 3544 et
776 3473 972 3542 defensionis
996 3497 1065 3544 non
1086 3475 1172 3545 fictae
1196 3478 1297 3566 pallio

249 3583 417 3662 ventilare,
441 3585 476 3652 et
501 3579 695 3650 ventilando
724 3577 834 3644 velare
863 3598 923 3663 pro
945 3577 1077 3646 modulo
1099 3584 1212 3646 nostro
1241 3603 1297 3650 cu·
1414 3567 1416 3572 ⁸

249 3688 403 3758 ravimus.
448 3683 601 3771 Ignoscat
636 3681 741 3769 igitur
775 3685 898 3749 nostrae
935 3679 1139 3768 simplicitati
1160 3682 1297 3770 ,simpli-

250 3791 332 3858 citer
352 3794 387 3856 et
415 3785 586 3854 humiliter
610 3783 761 3872 petimus,
782 3786 895 3848 vestra
927 3779 1123 3868 benignitas,
1147 3785 1235 3872 quod
1264 3785 1296 3852 ei

248 3891 406 3960 molestiis
450 3888 647 3962 occasionem
690 3884 792 3950 inviti
827 3888 863 3952 et
899 3884 1089 3972 ignoranter
1125 3885 1274 3954 dedimus
1286 3913 1295 3974 ς

250 3997 328 4084 quia
348 4015 416 4060 non
441 3994 551 4080 potest
579 3987 667 4075 apud
699 3987 789 4076 piam
810 3985 1018 4055 clementiam
1047 4009 1115 4056 non
1146 4009 1215 4056 esse
1244 3989 1294 4076 ig-

249 4095 404 4167 noscibile
426 4094 514 4182 quod
539 4114 582 4158 ex
607 4089 713 4156 cordis
742 4087 890 4178 procedit
912 4087 1130 4176 simplicitate.
1175 4090 1294 4161 Valeat

249 4199 430 4289 paternitas
451 4199 562 4265 vestra
583 4213 641 4282 per
661 4197 810 4280 tempora
830 4190 986 4278 longiora.

283 4565 590 4637 ’muan1m0.0.0.
766 4561 774 4632 Ι
820 4561 828 4596 ¹
844 4559 978 4628 mmor]
996 4557 1240 4625 masena-Bm
1301 4569 1306 4584 ¹
