3500 5784
710 868 891 920 nrrsronn
1233 857 1297 922 tet

249 1048 334 1114 totio
349 1047 461 1133 iisqne
479 1063 554 1110 cum
577 1043 622 1110 sit
636 1042 859 1112 manifestatio
874 1043 1025 1112 veritatis
1046 1045 1303 1112 conversationis

249 1155 285 1218 et
314 1149 394 1216 vitoe
421 1167 536 1215 eorum
571 1145 628 1232 qui
660 1146 850 1226 visitantur,
895 1147 955 1212 lux
985 1151 1057 1226 est3
1088 1151 1124 1214 et
1153 1168 1228 1214 cum
1261 1147 1303 1214 de

252 1252 385 1320 Christo
406 1249 479 1318 luce
505 1248 715 1336 praecipiente
746 1271 803 1336 per
826 1248 1031 1336 Scripturcm
1052 1269 1129 1315 oves
1151 1271 1172 1315 a
1192 1253 1304 1336 pasto·

250 1353 341 1420 ribus
362 1353 501 1429 visitari,
518 1357 649 1418 emanet
669 1351 827 1430 visitatio,
849 1352 923 1439 ipsc
944 1351 1094 1418 visitatio
1114 1352 1175 1418 lux
1196 1356 1247 1418 est
1267 1353 1304 1418 in

253 1453 627 1536 chisneiensium
661 1454 720 1520 lux
753 1475 833 1521 vera
864 1453 955 1520 lucet
975 1454 1013 1520 in
1034 1475 1080 1521 ee
1135 1453 1303 1540 Qrmpron

252 1563 304 1624 ter
333 1556 587 1644 superveniente
620 1556 820 1623 visitationis
842 1556 924 1634 luce,
954 1558 1049 1622 venit
1078 1557 1179 1622 etium
1207 1557 1245 1622 in
1266 1578 1305 1622 ee

252 1660 312 1728 lux
333 1660 405 1748 ipss
420 1681 494 1745 quse
517 1662 566 1724 est
589 1657 748 1726 Christus.
796 1657 906 1744 Igitur
929 1659 987 1745 qui
1009 1658 1139 1726 visitcri
1160 1668 1305 1726 renuunt

253 1785 274 1828 a
304 1783 365 1830 sue
394 1767 533 1849 pastore,
564 1761 718 1828 incidunt
751 1759 788 1826 in
822 1760 905 1827 illud
923 1760 1095 1846 judicium,
1131 1760 1216 1848 quio
1245 1761 1306 1828 uso

254 1864 349 1932 uouit
372 1863 417 1932 tn
446 1861 632 1945 morum,
665 1869 696 1929 et
730 1861 928 1930 ottrannus
948 1863 1110 1942 hmrcirws,
1142 1863 1306 1930 visitatio-

255 1988 330 2034 nem
370 1971 556 2046 renuentes,
586 1963 699 2051 masta
727 1965 880 2032 teneoras
915 1965 1136 2033 absconsionis
1173 1987 1306 2032 suorum

256 2091 389 2158 operum
423 2089 528 2156 queam
558 2065 667 2134 turem
697 2067 975 2134 manifestationis
1006 2067 1191 2136 eorundem
1236 2067 1307 2134 Nec
1445 2133 1450 2144 ,

257 2175 366 2260 potest
395 2192 464 2238 esse
497 2169 563 2236 alie
591 2191 689 2236 causa
715 2169 848 2255 majoris
882 2169 1067 2236 dilectionis
1099 2172 1308 2240 tenebrarum

256 2275 374 2342 herum
408 2295 508 2360 quam
539 2273 620 2340 lucis
659 2273 766 2358 hujus,
802 2272 866 2338 nisi
889 2293 994 2358 opera
1023 2273 1127 2354 mlo,
1150 2295 1225 2359 quse
1246 2273 1309 2358 qut

258 2376 330 2464 coit
359 2375 432 2442 odit
463 2375 571 2442 hircos
592 2374 861 2442 manifestantem
884 2373 942 2442 ec¹
987 2379 1021 2442 et
1050 2377 1307 2462 redarguentem

259 2477 329 2562 Qui
350 2477 447 2545 euim
458 2475 549 2564 fucit
571 2476 746 2545 ceritatem
767 2481 884 2565 sponte
914 2477 1009 2544 uouit
1030 2477 1078 2546 od
1108 2477 1215 2546 locem
1237 2477 1308 2564 oto
1321 2493 1347 2546 s.
1359 2494 1469 2550 Juniit

259 2601 363 2668 opero
382 2578 660 2666 manifestantem
682 2578 790 2666 quio⁹
811 2579 855 2646 tn
868 2579 939 2646 Deo
952 2578 1050 2666 scoto
1063 2587 1151 2648 auct.
1197 2579 1307 2666 Igitur
1319 2567 1361 2614 ²¹·

258 2683 397 2750 factores
418 2682 569 2748 veritatis
595 2687 712 2768 sponte
733 2683 873 2748 veniunt
894 2683 938 2748 ad
959 2683 1064 2750 luceru
1086 2682 1288 2748 visitationis
1298 2706 1307 2764 ;

260 2791 295 2854 et
329 2784 461 2852 visitari
501 2790 688 2852 recinentes
731 2785 973 2852 validissimum
1013 2786 1098 2852 dant
1127 2789 1243 2852 contra
1272 2807 1306 2851 se

259 2892 490 3059 {w
513 2887 602 2974 quod
624 2907 692 2953 non
714 2891 783 2952 tam
802 2886 881 2973 fittt
904 2885 991 2954 tucis
1012 2892 1091 2953 sunt
1113 2909 1212 2973 quem
1229 2886 1336 3012 sotii}
1348 2893 1435 2946 tues.
1452 2909 1477 2946 v.

292 3013 334 3058 cc
479 3040 485 3054 .

306 3093 349 3160 In
363 3091 516 3158 omnibus
540 3113 669 3178 quoque
692 3091 842 3158 artificiis
864 3097 900 3157 et
920 3092 1103 3158 artificibus
1125 3097 1176 3158 est
1196 3091 1309 3159 videre
1322 3102 1466 3169 erroneus

262 3217 337 3282 quse
359 3198 488 3281 oportet
513 3192 618 3260 facere
639 3199 798 3260 rectorem
819 3194 1011 3275 animamm,
1038 3195 1199 3261 artificem
1219 3195 1311 3261 vide·
1322 3169 1484 3288 fflffld

262 3299 340 3366 licet
361 3296 524 3362 artificum
546 3294 640 3362 verbi
654 3295 792 3382 gratini
838 3296 979 3384 Oportet
1000 3298 1161 3364 artificem
1182 3297 1255 3364 curi
1277 3303 1311 3363 et

262 3399 446 3478 aurichalci,
470 3399 544 3464 euri
573 3417 703 3486 quoque
729 3399 805 3486 puri
827 3403 863 3465 et
885 3400 1008 3487 impuri
1030 3399 1234 3466 differentias
1254 3421 1310 3487 ng·
1324 3412 1462 3477 ingoldor

1324 3347 1351 3396 A
1362 3347 1460 3397 vorke·

1323 3480 1394 3530 bross
1399 3480 1479 3544 ought

1324 3554 1350 3596 to
1361 3547 1392 3596 bc
1403 3545 1459 3597 sblc

265 3625 385 3693 purum
405 3625 463 3691 pro
485 3624 568 3690 puro
594 3608 782 3670 assumetur
807 3604 844 3669 in
866 3604 1024 3672 fabricem
1045 3606 1134 3672 vasis
1148 3606 1436 3692 formanditolfnoy

265 3707 481 3786 inhonorem
502 3705 540 3770 in
561 3705 780 3772 ministerium
803 3693 898 3794 regis,
928 3729 1068 3774 messum
1091 3709 1218 3776 metalli
1238 3730 1312 3796 pro·
1324 3679 1472 3806 ffiffi}

266 3808 414 3896 positcm,
438 3829 512 3894 quse
538 3808 581 3873 nd
604 3808 712 3874 visum
727 3810 906 3896 praetendit
919 3811 992 3876 auri
1006 3811 1153 3898 speciem,
1184 3814 1443 3898 oportunum

267 3911 442 3998 diiigenter
470 3909 572 3976 variis
601 3909 806 3977 diversarum
839 3913 1116 3998 experientiurum
1146 3913 1313 3980 scrutiniis
1324 3889 1468 3945 mpunaes

267 4013 403 4101 probare
431 4019 465 4078 et
492 4013 728 4099 perscrutando
757 4014 915 4095 invenire,
937 4019 1051 4082 utrum
1072 4016 1168 4083 eosit
1196 4037 1313 4082 aurum

268 4116 324 4183 vel
351 4114 592 4196 aurichalcum
633 4121 667 4181 et
696 4115 724 4182 si
763 4118 946 4205 reperiatur
970 4141 1097 4199 eurum,
1128 4125 1242 4186 utrum
1270 4119 1316 4185 sit

269 4239 388 4306 purum
411 4239 455 4282 en
480 4217 668 4306 impurum
698 4223 738 4285 ut
761 4241 782 4286 c
806 4221 892 4286 vasis
920 4220 1117 4288 formatione
1145 4222 1183 4287 in
1211 4222 1314 4288 hono·

270 4343 339 4388 rem
372 4319 497 4410 regium
527 4319 746 4386 aurichalcum
785 4322 906 4400 reiciet,
937 4322 1003 4388 nisi
1040 4322 1124 4388 forte
1153 4323 1251 4390 sciret
1279 4329 1315 4389 et
1430 4345 1437 4356 ·

265 3523 418 3581 noscere;
453 3506 488 3567 et
516 3521 559 3566 ne
582 3500 802 3566 aurichalcum
825 3522 886 3588 pro
915 3523 996 3567 euro
1028 3503 1082 3568 vel
1111 3523 1230 3569 aurum
1250 3503 1312 3568 im·

306 4675 527 4743 'amuco
850 4680 1166 4750 'catalonnum

306 4755 555 4822 wunnerus.
