3500 5784
684 835 862 882 nrrsrour..
1234 827 1299 886 339,
1325 889 1336 913 ,

248 1003 290 1066 ab
315 1005 469 1070 universa
491 1012 641 1072 meatura
656 1009 808 1092 torqueri,
833 1009 885 1072 cui
908 1006 1010 1073 otiam
1033 1009 1131 1072 unius
1148 1010 1300 1074 scintillae

250 1107 349 1172 urdor
386 1113 437 1172 est
475 1107 527 1173 hio
564 1109 802 1175 intolerabilis?
850 1109 1024 1196 Numquid
1069 1111 1188 1196 aliquis
1232 1133 1300 1176 non

247 1209 449 1293 glorificatus
475 1211 512 1274 in
533 1210 646 1276 futuro
677 1212 741 1276 erit
772 1234 944 1299 poenarum
974 1213 1208 1298 impassibilior
1240 1220 1301 1278 aut

248 1310 479 1392 insensibilior,
514 1317 554 1376 ut
574 1313 681 1379 levius
704 1315 748 1380 sit
770 1315 801 1379 ei
832 1321 913 1380 tuno
935 1337 1034 1401 quam
1057 1337 1153 1394 nune,
1177 1316 1300 1381 violen-

249 1413 316 1478 tius
339 1415 545 1500 operantium
568 1437 668 1501 quam
691 1438 780 1481 nuno
801 1417 916 1482 mitius
939 1418 1108 1505 agentium
1139 1419 1301 1485 sustinere

250 1522 438 1582 tormental
483 1517 556 1582 Etsi
589 1518 775 1584 futurarum
809 1541 982 1606 poenarum
1020 1526 1105 1586 esset
1141 1521 1301 1586 aoerbitas

251 1619 478 1704 quoquomodo
516 1620 696 1686 tolerabilis
708 1646 716 1701 ;
750 1622 808 1688 sed
855 1621 1028 1708 prolixitas
1068 1623 1214 1710 ipsemm
1250 1632 1301 1689 est

251 1721 528 1787 interminabilis:
569 1723 704 1788 Vermis
742 1723 838 1790 raim
868 1746 985 1790 eorum
1014 1746 1088 1790 stou
1124 1725 1299 1802 storiatus,
1314 1745 1467 1799 suedia

251 1830 280 1886 et
300 1821 396 1908 ipsis
418 1845 492 1890 uon
514 1823 739 1909 rutinorum
786 1826 911 1893 Valete.
1312 1820 1353 1863 ⁴⁴¹

710 2132 838 2199 CXIII.

260 2317 513 2384 venerabilibus
528 2317 571 2384 ta
588 2317 719 2384 Obrtsto
725 2317 892 2402 putribus,
903 2317 969 2382 Dei
983 2318 1099 2403 gratio
1114 2318 1278 2385 thleuao
1287 2327 1301 2356 ⁸
1357 2323 1428 2370 ¹2⁴5·

347 2420 574 2486 Wiutooieasi
599 2426 642 2485 et
658 2419 798 2487 Walters
833 2419 1062 2505 Wifyormieusi
1084 2399 1469 2530 Episcopiubaelssanlisssgg

342 2521 513 2602 sotertes,
529 2521 747 2588 temeratione
774 2521 900 2587 divum
922 2521 1178 2587 Lemouicum
1206 2523 1470 2607 ‹withmundi›

341 2623 401 2689 sios
431 2623 592 2690 mistum·
629 2624 783 2705 tonellis,
823 2623 966 2689 salutem
995 2631 1026 2690 ot
1054 2624 1229 2691 sincerum
1258 2625 1297 2689 is
1314 2623 1451 2687 Cantiupe.

342 2727 492 2792 Domino
515 2726 670 2793 caritatis
691 2733 923 2813 despumatum

299 2903 427 2968 Vestrae
451 2903 634 2968 dilectionis
657 2902 700 2967 ad
722 2923 782 2967 nos
804 2902 974 2978 fervorem,
992 2923 1090 2988 quem
1112 2901 1411 2988 frequenterHehm

254 3005 346 3091 prius
367 3004 403 3069 in
426 3007 545 3070 vestris
579 3005 707 3070 actibus
739 3005 834 3091 quasi
865 3005 902 3068 in
933 3005 1018 3069 libro
1049 3004 1154 3069 literis
1180 3006 1300 3092 scripto
1312 2978 1419 3096 ffied

255 3109 479 3175 communibus
515 3108 704 3194 legeramus,
738 3109 776 3171 in
807 3107 961 3192 laerymis
997 3109 1116 3173 vestris
1147 3129 1228 3194 quas
1265 3108 1301 3170 in
1314 3111 1406 3175 ayone,
1419 3115 1469 3164 aas

254 3233 379 3293 recessu
402 3216 515 3277 nostro
537 3232 595 3297 pro
618 3209 712 3274 nobis
735 3209 898 3275 effudistis
929 3211 1116 3286 uberrimas,
1150 3209 1244 3295 quasi
1264 3210 1302 3273 in
1313 3181 1470 3313 fflv'ggffiy

254 3315 338 3378 libro
374 3312 623 3398 fulgentissimis
657 3317 692 3376 et
729 3311 982 3377 evidentissimae
1014 3312 1301 3377 demonstrationis
1312 3310 1355 3362 the
1365 3328 1442 3393 pope·

255 3417 376 3502 scripto
391 3414 496 3480 literis
511 3413 726 3502 perlegimus3
741 3409 828 3478 buno
842 3413 1003 3479 fervorem
1017 3416 1136 3478 scimus
1151 3419 1303 3496 aestuare,
1313 3380 1455 3495 :ppona-

258 3539 330 3604 quoe
375 3517 459 3582 eirea
500 3537 561 3582 nos
605 3523 758 3602 aguntur,
805 3537 961 3601 agnosse3
1007 3514 1146 3601 ideoque
1183 3521 1301 3582 vestrae

259 3619 480 3707 significamus
513 3619 738 3684 sincerissimae
771 3619 910 3696 caritati,
935 3619 1032 3704 quod,
1065 3618 1208 3704 juvante
1241 3641 1302 3684 nos

259 3722 441 3787 Salvatorie
463 3721 579 3807 gratia,
600 3743 751 3808 prospere
781 3721 933 3786 venimus
964 3720 1007 3785 ad
1029 3720 1154 3786 curiam
1178 3721 1303 3789 domini

260 3823 357 3912 Papae
380 3823 468 3910 apud
492 3823 699 3910 Lugdunum,
723 3823 845 3888 ibidem
878 3823 922 3887 ab
953 3823 1024 3909 ipso
1056 3823 1189 3888 domino
1213 3823 1304 3910 Papa

260 3933 294 3991 et
315 3925 536 3990 cardinalibus
558 3925 609 3990 sui
631 3925 739 4013 gratia
768 3924 849 3990 satis
880 3925 1032 3990 deoenter
1062 3932 1096 3990 et
1126 3925 1303 3991 honorifioe

259 4028 419 4115 susoepti;
442 4027 500 4094 ubi
522 4033 557 4092 et
580 4049 823 4106 commoramur,
848 4049 979 4092 oausam
1010 4027 1150 4094 eeclesiae
1181 4035 1302 4093 nostrae

259 4130 296 4194 in
338 4131 514 4218 praesentia
567 4129 693 4195 domini
730 4130 829 4217 Papae
874 4137 1114 4216 prosequentes.
1186 4129 1303 4194 Valeat

259 4232 440 4320 paternitas
462 4238 572 4297 vestra
595 4255 721 4319 semper
743 4233 779 4296 in
802 4231 952 4322 Domino.
