3500 5784
691 851 870 902 sennenn
1237 836 1301 900 281

252 1021 358 1088 cordis
381 1021 445 1086 mei
467 1026 570 1098 utero,
586 1026 621 1088 et
642 1020 679 1086 in
700 1020 788 1086 ulnis
810 1021 892 1086 meis
914 1021 1033 1086 affecto
1055 1020 1206 1098 nutricio,
1222 1042 1304 1106 quos

254 1129 289 1189 et
320 1124 441 1189 affectu
474 1128 611 1210 paterno
645 1145 734 1190 nunc
765 1123 873 1189 verbis
914 1122 1046 1209 castigo,
1080 1121 1211 1188 obsecro
1244 1145 1304 1188 vos

255 1248 313 1314 per
342 1226 443 1290 Illum
461 1223 529 1312 ”qui
560 1230 610 1292 est
642 1226 782 1304 Veritas,
806 1231 846 1291 ut
880 1229 950 1291 tem
971 1229 1102 1311 turpem
1127 1224 1304 1291 maculam
1314 1231 1413 1312 Boelpa

154 1383 156 1386 .
254 1327 295 1394 de
314 1327 428 1412 plocio
447 1335 558 1394 cestra
588 1328 722 1394 tollatis.
767 1327 847 1394 Non
870 1330 958 1394 enim
980 1327 1180 1393 excusabiles
1216 1328 1302 1406 estis,
1315 1305 1460 1351 ¹¹¹¹²¹'2⁴‘

255 1430 332 1497 licet
363 1452 430 1496 non
463 1431 524 1497 sub
555 1431 689 1496 nomine
711 1435 830 1497 vestrm
862 1430 1116 1508 communitatis,
1152 1431 1210 1496 sed
1242 1431 1305 1496 sub

256 1533 475 1620 singularibus
497 1534 684 1599 nominibus
717 1532 862 1619 plurium
897 1553 939 1598 ex
971 1533 1214 1612 vobis,cont1a
1239 1533 1306 1598 dic·

257 1640 330 1700 tum
352 1637 548 1722 magistrum
579 1637 624 1702 sit
645 1637 867 1723 impetratum,
892 1636 950 1722 qui
983 1636 1177 1723 singillatim
1198 1637 1307 1724 ipsum
1412 1699 1417 1715 ,

255 1737 442 1824 impetunt;
476 1739 540 1825 ipsi
581 1739 670 1804 enim
713 1739 833 1825 singuli
878 1739 1027 1804 membra
1072 1743 1151 1804 sunt
1188 1743 1307 1805 vestrae

255 1841 524 1922 communitatis3
546 1862 607 1907 neo
635 1844 746 1928 potest
768 1840 909 1907 membri
931 1840 1121 1906 deformitas
1143 1838 1307 1926 corporis¹

255 1965 324 2008 non
355 1964 443 2008 esse:
474 1949 647 2032 propterea
669 1965 744 2008 cunr
765 1943 954 2028 hujusmodi
976 1942 1218 2009 deformitatem
1239 1966 1308 2009 non

257 2044 406 2110 nitimini
428 2045 621 2132 abstergere,
646 2046 736 2112 nulle
759 2046 856 2112 modo
879 2047 1017 2133 potestis
1038 2067 1099 2111 uos
1130 2067 1307 2125 exarmare3

256 2147 285 2212 si
307 2152 419 2214 autem
448 2149 612 2214 enitentes
634 2169 703 2214 non
723 2148 871 2234 potestis,
896 2169 962 2233 qua
983 2147 1177 2214 discretione
1209 2152 1307 2214 tanto

256 2251 426 2316 conamine
461 2250 619 2338 repellitis
650 2273 787 2316 manum
822 2256 991 2336 extergere
1023 2272 1091 2315 non
1125 2251 1231 2317 solum
1252 2275 1310 2316 vo-

257 2352 356 2418 lentis
378 2353 436 2418 sed
458 2358 493 2420 et
515 2354 668 2440 potentis,
692 2352 721 2418 si
743 2353 881 2442 tollatur
902 2352 988 2418 obex
1011 2354 1214 2419 solummodo
1236 2376 1309 2420 vcs-

257 2459 319 2521 trae
341 2454 560 2542 repulsionis?
604 2455 788 2542 Propterea,
812 2476 881 2520 non
902 2460 952 2521 est
974 2460 1085 2522 vestre
1104 2456 1308 2541 justificatio,

257 2557 314 2623 sed
347 2558 452 2645 magis
482 2559 606 2644 peccati
643 2558 687 2624 ad
721 2563 891 2645 peecatum
924 2557 1059 2636 additio,
1098 2564 1133 2624 et
1165 2559 1310 2625 fasciculi
1341 2612 1346 2621 .

258 2659 440 2746 impietatis
477 2660 648 2748 colligatio,
685 2660 774 2748 quod
811 2659 927 2725 dicunt
965 2660 1100 2746 quidam
1137 2681 1180 2725 ex
1216 2662 1311 2728 vobis

259 2763 353 2848 quasi
384 2763 428 2828 ad
460 2764 709 2839 exeusationem,
733 2763 860 2828 dictum
891 2762 1085 2848 magistrum
1107 2762 1144 2828 in
1165 2769 1310 2830 vestram

259 2865 538 2945 communitatem,
562 2870 596 2931 et
618 2887 686 2930 non
707 2865 744 2929 in
759 2864 887 2950 aliquid
909 2864 1120 2950 singulariter
1141 2887 1183 2930 ex
1205 2866 1309 2944 vobis,

260 2967 410 3034 habuisse
452 2967 734 3054 jurisdictionem;
781 2988 853 3032 cum
891 2966 980 3032 idem
1023 2968 1188 3053 magister,
1225 2968 1312 3035 sicut

260 3070 360 3136 etiam
382 3075 477 3157 patet
506 3092 548 3136 ex
574 3071 664 3148 actis,
687 3091 756 3134 non
790 3069 979 3163 intenderet
999 3070 1140 3157 aliquem
1163 3076 1311 3138 vestrum

260 3177 418 3259 tanquam
449 3194 550 3238 unam
582 3171 781 3258 singularem
803 3194 976 3258 personam
998 3172 1035 3238 in
1057 3173 1159 3260 ipsius
1180 3196 1312 3262 quoquo

203 3347 206 3352 ,
260 3277 358 3341 modo
389 3267 604 3363 singulariter
635 3275 761 3362 punire,
794 3275 852 3340 sed
885 3278 994 3340 totum
1030 3297 1148 3362 corpus
1181 3277 1218 3342 in
1251 3299 1312 3344 sua

261 3383 363 3464 parte,
395 3377 555 3444 totalitati
585 3382 707 3455 temen,
741 3381 841 3463 prout
871 3377 992 3463 potuit,
1015 3377 1129 3445 volens
1161 3401 1312 3466 parcere;

262 3482 347 3548 sicut
368 3481 426 3566 qui
457 3480 554 3568 ponit
584 3481 685 3546 alium
716 3481 753 3544 in
786 3480 944 3558 custodia,
967 3481 1083 3546 volens
1113 3486 1226 3548 tamen
1247 3483 1313 3570 ipsi

260 3605 400 3670 parcere,
423 3604 490 3649 non
511 3587 619 3648 totum
642 3604 758 3670 corpus
779 3581 864 3648 ferro
885 3582 1066 3648 circumdet
1087 3589 1122 3649 et
1143 3583 1234 3671 ligat,
1255 3585 1314 3652 sed

262 3687 315 3752 vel
336 3686 435 3775 pedes
457 3685 563 3751 solum
595 3685 816 3771 compedibus,
839 3683 893 3750 vel
920 3684 1054 3750 brachia
1077 3686 1221 3765 manicis,
1244 3709 1313 3754 non

263 3789 471 3876 singulariter
507 3789 544 3853 in
580 3809 714 3874 poenam
751 3787 873 3874 pedum
906 3786 961 3852 vel
994 3808 1162 3867 manuum,
1185 3789 1243 3856 sed
1276 3792 1312 3855 in

263 3913 396 3980 poenam
424 3891 528 3977 ipsine
560 3889 618 3976 qui
651 3890 712 3954 sub
745 3889 894 3955 custodia
924 3893 1082 3956 servatur.
1132 3890 1171 3957 Si
1201 3892 1313 3978 itaque

263 4000 382 4061 vestra
403 3992 549 4080 pepercit
571 3990 742 4071 totalitati,
766 3991 851 4058 siout
885 3991 966 4057 certi
997 4015 1110 4059 sumus
1142 3995 1233 4080 quod
1257 3996 1314 4062 ille

264 4101 298 4162 et
320 4096 371 4162 sni
393 4095 577 4180 conjudices
597 4093 767 4174 fecerunt3
799 4093 953 4180 nunquid
975 4116 1105 4181 aequnm
1130 4098 1313 4164 autetiam

263 4197 445 4264 humanum
475 4196 591 4274 facitis,
614 4196 680 4282 qui,
703 4195 782 4283 quia
804 4195 899 4262 vobis
928 4196 1079 4284 pepercit,
1102 4197 1210 4284 ipsum
1241 4219 1314 4286 per·

263 4297 460 4386 sequiminit
992 4333 1002 4352 ·

309 4403 364 4468 Ad
386 4403 456 4468 baec
477 4400 688 4466 manifestum
711 4405 762 4466 est
787 4402 875 4487 quod
896 4422 965 4466 non
985 4400 1056 4466 zelo
1082 4402 1235 4488 justitiae,
1256 4402 1314 4469 sed

264 4505 402 4574 libidine
423 4503 589 4583 vindictae,
612 4503 721 4591 ipsum
742 4503 975 4589 insequimini;
997 4503 1086 4590 quod
1118 4503 1220 4570 etiam
1243 4506 1313 4591 qui·

612 4729 619 4764 ¹
635 4727 757 4796 eerperb]
776 4743 873 4795 corpus,
885 4727 974 4782 (20.OE
