3500 5784
489 840 555 903 ³88
814 852 960 901 nosnsrr
983 850 1212 901 osossrrmrs

487 1027 552 1093 nisi
574 1028 642 1113 ipse
665 1026 710 1091 sit
739 1026 825 1092 sicut
847 1026 968 1107 David,
990 1028 1104 1093 audito
1136 1025 1240 1091 leonis
1273 1021 1394 1108 rugitu,
1418 1016 1540 1104 pedem

487 1130 640 1205 retrahet,
674 1128 837 1193 attonitus
867 1129 1024 1195 subsistet
1036 1154 1045 1209 ;
1067 1128 1188 1195 nedum
1218 1129 1364 1213 potestas
1401 1119 1542 1184 inferior

487 1230 548 1297 hoo
562 1232 687 1297 feceret
734 1230 776 1295 In
798 1232 859 1296 boc
880 1232 987 1319 igitur
1007 1254 1092 1313 casu,
1114 1229 1278 1305 videlicet,
1294 1248 1368 1292 curn
1382 1222 1540 1309 potentis

487 1333 599 1399 vitiosi
621 1338 716 1399 tants
737 1334 789 1411 sit,
813 1356 914 1422 quam
935 1339 1081 1422 potestas
1094 1333 1228 1398 inferior
1242 1326 1455 1395 ecclesiastiea
1469 1344 1540 1389 non

486 1442 595 1522 potest
628 1458 700 1501 eam
732 1436 893 1514 edomare,
915 1458 976 1502 nec
998 1442 1107 1524 potest
1128 1434 1194 1500 diri
1225 1433 1296 1519 ejus
1324 1426 1538 1514 negligentia»

488 1540 564 1625 quia
586 1539 642 1623 qui
664 1538 748 1617 vult,
771 1545 806 1603 et
820 1544 966 1617 conatur,
988 1544 1023 1603 et
1044 1560 1113 1604 non
1132 1542 1250 1623 potest,
1274 1532 1440 1618 negligens
1467 1550 1539 1592 non

488 1646 547 1719 est,
576 1641 634 1706 sed
663 1640 843 1727 impotens;
881 1646 914 1707 et
936 1647 1070 1728 propter
1090 1640 1153 1705 hoc
1173 1636 1296 1725 poterit
1317 1634 1353 1698 in
1375 1631 1437 1696 hoc
1457 1650 1539 1695 casu

488 1744 596 1809 deesse
629 1742 850 1831 negligentia;
889 1764 948 1808 nec
969 1744 1015 1808 sic
1054 1740 1224 1828 perveniet
1245 1738 1365 1803 vitium
1388 1754 1538 1818 unquam

487 1846 530 1910 ad
553 1844 788 1922 correctionem,
806 1844 913 1931 posito
927 1843 1016 1931 quod
1037 1844 1183 1930 superior
1198 1844 1342 1927 potestas
1362 1836 1410 1900 nil
1432 1835 1540 1921 possit

487 1948 523 2013 in
544 1948 730 2034 hujusmodi
756 1949 960 2024 correctione,
982 1946 1047 2012 nisi
1077 1944 1227 2011 inferiore
1256 1942 1443 2029 negligente
1476 1942 1539 2001 aut

487 2050 595 2137 aliquo
617 2050 659 2115 ab
675 2049 828 2115 inferiore
844 2050 888 2114 ad
902 2048 1100 2136 superiorem
1114 2048 1307 2134 appellante
1352 2041 1435 2121 Quis
1448 2039 1538 2105 enim

489 2152 525 2217 in
548 2152 608 2219 hoc
634 2174 710 2218 casu
742 2152 930 2239 appellabit,
965 2174 1040 2217 cum
1070 2150 1181 2215 nullus
1210 2151 1255 2214 sit
1285 2164 1447 2220 accusans,
1478 2142 1537 2206 sed

486 2255 688 2321 solummodo
722 2255 820 2331 fama,
844 2260 904 2319 aut
930 2254 1010 2319 facti
1032 2253 1200 2319 evidentia
1230 2252 1397 2317 olamansl
1440 2243 1538 2309 Nun·

486 2356 566 2443 quid
599 2358 653 2422 leo
685 2377 780 2421 ovem
823 2356 859 2420 in
901 2354 1049 2420 faucibus
1079 2354 1230 2419 detinens
1259 2352 1303 2419 ab
1331 2347 1477 2415 inferiori
1500 2351 1537 2410 et

486 2458 635 2525 debiliori
673 2464 801 2545 pastore
839 2456 882 2521 ad
919 2456 1090 2522 fortiorem
1126 2462 1289 2543 pastorem
1333 2449 1534 2537 superiorem

486 2560 671 2648 appellabit,
694 2566 734 2625 ut
756 2559 900 2645 praedam
922 2581 1015 2624 susm
1038 2558 1101 2623 sibi
1122 2557 1271 2623 auferat?

320 2686 407 2752 laag.
420 2687 464 2739 vit
532 2664 666 2749 Legitur
702 2662 739 2726 in
771 2661 857 2726 libro
892 2660 1021 2747 Regum
1058 2660 1145 2745 quod
1183 2658 1324 2726 Sumeret
1354 2658 1535 2744 jraede‘oobot

321 2758 424 2807 15-17.
488 2764 651 2831 Imoelem
675 2763 804 2829 cunctis
827 2762 943 2828 diebus
956 2762 1034 2829 vim
1049 2784 1126 2840 urm,
1151 2769 1182 2826 et
1202 2761 1274 2826 ibat
1292 2782 1358 2845 per
1378 2762 1535 2849 mimulos

318 2844 465 2965 ssffiffi
486 2890 596 2933 oorros
611 2865 755 2931 circmrc
771 2862 891 2942 Bethel,
915 2871 946 2928 et
969 2862 1121 2949 Golgolm
1143 2870 1173 2929 et
1195 2862 1364 2947 Mospleot,
1388 2872 1419 2930 et
1434 2866 1534 2951 judi·

319 2978 474 3059 ueljseneuit
487 2969 583 3035 oobot
613 2966 842 3034 [araeleonis
873 2964 1085 3051 supradietis
1108 2966 1209 3045 locu;
1248 2966 1533 3055 consuebatur-pue

319 3047 439 3111 ΜΨ
484 3072 527 3139 o'rt
548 3070 744 3148 Romotho;
768 3068 819 3133 ibi
848 3067 944 3133 cuim
966 3074 1038 3132 erat
1067 3067 1188 3132 mnas
1219 3067 1296 3152 ejus
1341 3068 1475 3135 Samuel
1496 3077 1534 3136 et

484 3174 626 3239 nominis
652 3170 932 3257 interpretatione,
965 3190 1039 3255 quae
1073 3174 1124 3234 est
1153 3168 1338 3255 postulatio
1368 3170 1442 3251 Dei,
1481 3172 1534 3237 uel

483 3296 608 3341 nomo
630 3274 699 3360 ejus
721 3272 820 3353 Deus,
844 3276 877 3337 et
901 3294 940 3336 eo
962 3271 1049 3356 quod
1082 3270 1180 3336 datus
1201 3270 1268 3336 fuit
1299 3272 1443 3339 Domino
1465 3296 1534 3339 om-

483 3377 581 3442 nibus
603 3375 717 3441 diebus
746 3375 826 3439 vitae
853 3396 930 3453 sure,
957 3373 1128 3438 evidenter
1148 3378 1268 3460 typum
1295 3374 1382 3461 gerit
1411 3376 1534 3461 episco-

485 3500 608 3568 porum,
633 3478 689 3564 qui
712 3498 772 3563 per
798 3476 990 3542 electionem
1021 3482 1057 3540 et
1089 3474 1233 3561 Spiritus
1257 3475 1371 3541 Sancti
1400 3478 1534 3543 invoca-

485 3582 607 3647 tionem
631 3602 651 3644 a
674 3580 745 3643 Deo
766 3586 844 3643 sunt
866 3576 1035 3664 postulati,
1060 3583 1095 3642 et
1116 3598 1175 3663 per
1196 3577 1275 3642 vitae
1307 3578 1532 3645 celsitudinem

486 3682 534 3749 ita
556 3682 759 3747 adhaerentes
782 3679 853 3745 Deo
876 3685 915 3744 ut
939 3700 1025 3743 unus
1047 3679 1184 3765 spiritns
1206 3680 1285 3758 sint,
1320 3702 1358 3745 ac
1391 3703 1449 3768 per
1470 3683 1534 3749 hoe

486 3786 532 3850 dii
570 3784 612 3849 ad
653 3782 873 3847 imitationem
920 3780 1036 3867 Moysi,
1075 3782 1128 3846 cui
1180 3780 1305 3845 dietum
1343 3790 1415 3863 est3
1451 3784 1534 3849 Ecce

486 3884 647 3952 occulitoi
677 3891 705 3949 tc
739 3883 840 3949 darem
869 3881 1074 3960 Ploruootr,
1102 3883 1160 3968 qui
1191 3882 1292 3947 etiam
1315 3884 1357 3949 ab
1379 3886 1533 3951 omnibus

485 3990 660 4055 mimdanis
704 3985 788 4050 euris
833 3990 867 4050 et
913 3984 1192 4070 implicationibus
1239 3985 1275 4047 in
1332 3987 1533 4053 secularibus

484 4090 624 4178 negotiis
658 4086 815 4152 abstracti
847 4086 918 4150 dati
952 4092 1032 4150 sunt
1062 4084 1207 4149 Domino
1231 4086 1384 4153 omnibus
1417 4088 1534 4154 diebus

484 4194 564 4259 vitae
601 4212 679 4257 suae.
727 4188 836 4275 Igitur
873 4188 910 4252 in
946 4187 1103 4253 exercitio
1139 4188 1326 4272 potestatis·
1345 4190 1532 4276 judiciariae

485 4294 653 4371 Samuelis,
687 4292 785 4356 datur
827 4290 933 4355 forma
966 4290 1124 4377 episcopis
1160 4312 1228 4356 suae
1264 4296 1439 4377 potestatis
1473 4316 1534 4381 per

484 4402 594 4463 sotum
628 4392 822 4460 exercendae.
870 4391 1003 4456 Debent
1028 4392 1134 4479 igitur
1162 4414 1222 4479 per
1250 4393 1397 4480 singulos
1429 4417 1534 4461 annos

484 4522 559 4565 suas
581 4499 732 4564 dioeccses
755 4495 899 4573 circuire,
925 4492 1112 4578 judicantes
1144 4494 1358 4584 ecclesiastica
1391 4500 1532 4584 negotia,

482 4623 550 4667 non
587 4622 628 4666 ex
671 4597 810 4665 arbitrio
846 4596 1031 4662 voluntatis
1067 4597 1217 4683 propriae,
1254 4598 1312 4665 sed
1351 4602 1528 4667 secundum
