3500 5784
713 879 890 928 nmmum
1259 865 1326 934 107

278 1051 468 1118 illicitorum
490 1051 532 1116 ab
555 1072 594 1118 eo
616 1049 674 1138 qui
697 1048 796 1115 debet
818 1053 853 1114 et
875 1053 984 1135 potest
999 1048 1168 1136 impedire,
1183 1052 1329 1134 vergant

278 1156 314 1220 in
352 1155 587 1221 detrimentum
632 1152 751 1218 salutis
795 1145 948 1231 aumae3
985 1152 1028 1216 ad
1072 1152 1171 1238 pedes
1206 1155 1329 1216 vestrae

279 1257 489 1347 paternitatis
509 1256 672 1344 supplices
693 1253 870 1342 provoluti,
887 1258 1015 1340 quanta
1035 1274 1207 1340 possumus
1230 1254 1329 1320 devo·

280 1361 370 1428 tione
407 1380 560 1448 rogamus
598 1363 763 1446 quatenus
799 1357 969 1422 dominum
1007 1377 1118 1443 regem
1156 1356 1328 1422 efficaciter

170 1465 180 1478 ‘
280 1461 442 1528 moneatis
490 1465 526 1528 et
572 1459 738 1526 inducatis
776 1463 815 1524 ut
859 1460 1087 1547 praescriptum
1132 1461 1329 1524 mandatum

281 1565 417 1654 praefato
453 1563 567 1630 abbati
605 1562 808 1629 destinatum
844 1566 977 1627 revocet
1009 1566 1045 1627 ct
1073 1565 1250 1641 retractet3
1287 1582 1330 1626 ne

279 1669 349 1755 ipse
385 1665 552 1732 coactione
576 1650 643 1731 'vel
679 1663 906 1751 praeceptione,
942 1683 1067 1749 nosque
1100 1684 1258 1728 consensu
1295 1667 1330 1728 at

280 1769 549 1849 dissimulatione,
572 1767 757 1832 animarum
779 1771 966 1831 nostrarum
987 1770 1148 1831 aeternmn
1170 1764 1330 1830 faciamus

242 1923 244 1928 ·
280 1872 525 1940 detrimentum.
572 1869 757 1936 Exoremus
788 1867 890 1934 etiam
916 1872 1063 1934 vestram
1093 1869 1329 1955 paternitatem

281 1979 442 2062 quatenus
469 1969 569 2038 ‘nobis
600 1971 785 2058 significare
822 1969 935 2036 velitis
966 1975 1114 2036 veebum
1147 1970 1329 2048 consilium,

281 2078 310 2144 si
332 2077 417 2142 forta
443 2075 596 2140 dominus
627 2095 695 2152 rex,
719 2073 808 2160 quod
841 2073 930 2138 absit
939 2073 958 2152 ¹,
991 2073 1218 2159 supradictum
1239 2095 1331 2138 man-

282 2182 397 2246 datum
419 2201 522 2266 suum·
547 2178 591 2244 ad
612 2181 757 2244 vestram
789 2175 1054 2242 exhortationem
1089 2197 1158 2241 non
1191 2179 1329 2256 revocet,

281 2289 316 2350 ct
338 2281 532 2370 saepadictus
553 2280 664 2360 abbas,
686 2278 779 2365 cujus
812 2279 932 2344 animae
963 2298 1075 2343 curam
1106 2277 1271 2359 habemus,
1295 2279 1331 2344 in

282 2385 401 2451 animae
439 2404 508 2450 suoe
546 2381 754 2470 dispendium
792 2385 825 2446 et
862 2381 1031 2468 roligionis
1067 2381 1259 2448 scandalum
1296 2387 1332 2448 et

283 2486 505 2553 eodedaaticae
528 2485 692 2550 libertatis
714 2482 951 2549 detrimentum
973 2482 1121 2570 praesatae
1137 2484 1331 2568 justitiariae

282 2592 433 2654 exerceat
463 2585 612 2654 officium.
658 2585 696 2651 Si
728 2585 815 2650 enim
847 2587 884 2648 in
914 2585 975 2650 hoc
1005 2607 1083 2651 casu
1114 2587 1332 2672 nosmetipsos
1427 2675 1431 2682 ¹

283 2713 349 2756 non
364 2689 610 2778 opposuerimus
618 2686 639 2766 ⁹,
662 2687 705 2754 ab
720 2687 876 2754 exercitio
899 2686 997 2772 hujus
1019 2686 1125 2766 officii,
1148 2687 1331 2753 monitione
1374 2693 1382 2710 ⁸

284 2795 458 2884 praemissa,
473 2791 647 2880 praefatum
671 2791 826 2856 abbatem
850 2789 1066 2856 ecclesiastica
1087 2811 1224 2856 censura
1245 2811 1332 2856 com·

282 2896 451 2984 pascendo,
473 2893 687 2984 proculdubio
710 2893 892 2958 incidemus
925 2893 963 2957 in
984 2893 1068 2960 illud
1102 2893 1331 2982 propheticum

284 2997 485 3064 Ezechielis:
521 2995 603 3062 Nou
633 2994 835 3064 mceodistis
857 3017 896 3062 cc
918 2994 1058 3062 aduerso
1090 3017 1198 3084 raeque
1229 3018 1329 3083 oppo-
1343 3019 1499 3073 munii,

283 3099 403 3168 scistis
423 3109 568 3165 murum
586 3120 652 3186 pro
674 3097 773 3166 domo
795 3099 907 3166 Israel
927 3105 968 3165 ut
989 3098 1123 3166 staret
1144 3097 1188 3166 io
1207 3098 1331 3186 praelio
1343 3093 1367 3138 ⁵·

283 3203 327 3269 io
348 3202 404 3269 dic
426 3199 597 3281 contub
631 3205 666 3267 et
699 3200 735 3265 in
766 3201 850 3266 illud
873 3200 1099 3268 Canonicum:
1125 3201 1256 3268 “Error
1277 3203 1444 3268 euinceret

285 3311 302 3342 “
324 3326 391 3372 non
413 3304 657 3380 contradicitur,
681 3303 914 3391 approbatur.''
959 3303 997 3370 Si
1029 3326 1108 3370 vero
1141 3327 1202 3372 nos
1232 3328 1331 3394 oppc
1343 3280 1497 3400 {fflct

284 3409 453 3486 suasimus,
491 3407 578 3494 regii·
610 3406 696 3472 forte
733 3407 877 3474 ministri
922 3411 1052 3472 nostras
1092 3407 1253 3474 invadent
1297 3415 1383 3475 etna

285 3511 443 3599 diripient
480 3511 718 3596 possessiones3
755 3513 790 3574 ct
826 3531 901 3575 cum
945 3509 1134 3596 hujusmodi
1170 3511 1332 3597 oppositio

285 3616 376 3703 prius
397 3615 435 3679 in
456 3612 508 3678 his
530 3613 679 3700 partibus
702 3611 831 3677 nonsit
852 3616 1064 3698 attemptata,
1088 3613 1208 3678 erimus
1233 3612 1332 3700 hujus

285 3717 401 3784 mundi
423 3715 628 3804 sapientibus
653 3713 697 3782 rba
723 3712 879 3782 mrum
905 3720 935 3780 ct
967 3714 1146 3782 aarum
1170 3723 1241 3783 toto
1266 3716 1331 3784 die.
1344 3733 1497 3788 lanitia.

287 3821 454 3906 Utrinque
480 3819 586 3906 igitur
616 3817 770 3882 imminet
800 3817 1003 3904 periculum3
1035 3818 1113 3883 hino
1142 3819 1331 3906 temporale,

285 3923 377 3988 illinc
398 3927 567 3988 aeternum.
613 3919 679 3986 Sed
701 3918 799 3987 cum³
830 3919 873 3986 ad
904 3919 1035 3986 minimi
1057 3921 1175 3987 oeterni
1196 3923 1332 4010 periculi

286 4025 573 4112 comparationem,
610 4021 762 4110 quamvis
815 4043 973 4109 magnum
1021 4023 1203 4110 periculum
1250 4030 1333 4090 tem·

288 4126 422 4216 porale⁴
459 4126 586 4191 nullam
623 4125 759 4192 omnino
795 4124 918 4190 habeat
955 4127 1227 4213 magnitudinem,
1265 4127 1333 4192 imo

286 4231 371 4296 nihil
409 4229 544 4296 omnino
573 4228 627 4307 sit,
661 4227 765 4314 pudet
790 4227 862 4315 jam
892 4228 929 4292 in
959 4227 1021 4294 boc
1050 4249 1126 4294 casu
1162 4229 1332 4298 consilium

324 4603 330 4632 ¹
348 4602 426 4669 abur]
445 4602 512 4665 lacit,
524 4601 617 4657 ace.
869 4603 961 4670 ἀοι]
979 4611 1071 4668 tames,
1083 4605 1136 4659 Sia

321 4683 537 4752 'mmmmm
594 4683 785 4751 summimus

288 4761 380 4815 acu
622 4795 625 4802 ι
870 4762 1100 4817 *mamasac
