3500 5784
478 829 541 894 136
800 843 947 894 nonum
966 843 1194 895 oaommmrr

311 1017 528 1086 mmmmucui
550 1037 637 1083 nunc
659 1015 871 1104 permittente
887 1013 1040 1094 Domino,
1062 1015 1140 1082 licet
1161 1015 1328 1102 indignus,
1351 1014 1517 1102 praesideo,

310 1101 518 1184 rmhupre-Ob
547 1119 691 1204 ejusdem
720 1117 865 1184 favorem
896 1117 1002 1183 multo
1031 1115 1191 1184 efficacius
1212 1122 1323 1184 vesu-a
1352 1117 1517 1203 promovit

310 1170 449 1300 ffiiiiu
475 1221 633 1289 discretio.
680 1220 764 1286 Cum
785 1218 905 1306 igitur¹
929 1219 1110 1286 amicitiam
1131 1241 1199 1286 non
1220 1219 1317 1286 finiet
1339 1218 1413 1284 vita
1433 1223 1516 1284 tem·

309 1303 431 1422 }fflff'
473 1322 594 1410 poralis
615 1322 720 1402 finita,
744 1321 873 1386 dicente
894 1319 1076 1408 Scriptura,
1105 1319 1213 1387 Omni
1235 1327 1380 1406 tempore
1395 1317 1516 1404 cripit

309 1435 417 1488 uimoelr.
474 1423 536 1510 qui
557 1421 689 1489 amicus
721 1427 777 1501 cst,
806 1421 949 1508 gratiam
978 1443 1078 1509 quom
1107 1421 1230 1488 fecistis
1259 1444 1336 1487 cum
1361 1421 1448 1498 vivo,
1470 1441 1513 1486 cx

311 1525 386 1577 Peos.
401 1525 628 1592 xotemieitiae
650 1525 719 1612 lege
741 1524 865 1590 facietis
880 1545 954 1588 eum
977 1529 1117 1601 mortuo,
1133 1523 1275 1590 ecclesiae
1290 1545 1359 1588 sum
1379 1521 1516 1610 negotio

312 1597 351 1646 Π·
473 1627 682 1714 expedientes
718 1630 753 1692 et
789 1629 1018 1712 promoventes
1055 1645 1145 1690 more
1175 1625 1293 1707 solito,
1325 1645 1394 1690 non
1427 1623 1513 1689 enim

471 1732 619 1810 moriens,
643 1727 784 1795 ecclesiae
814 1727 867 1794 cui
896 1732 1036 1814 praeerat
1065 1747 1177 1792 curam
1199 1725 1353 1804 deseruit,
1384 1725 1443 1792 sed
1473 1730 1512 1790 ut

471 1833 583 1898 haberi
619 1834 727 1918 potest
763 1851 805 1895 ex
845 1827 1032 1894 testimonio
1068 1827 1233 1894 Johannis
1264 1826 1508 1914 Chrysostomi:

472 1943 490 1970 “
513 1933 628 2000 Pastor
651 1933 754 1998 bonus
783 1936 857 2018 post
886 1936 1027 1996 mortem
1050 1931 1201 2017 corporis,
1224 1931 1318 2018 gregi
1349 1929 1404 1996 cui
1432 1951 1512 2017 prae·
1713 1986 1714 2019 3

473 2047 492 2072 “
514 2036 586 2116 fuit,
610 2033 802 2122 vigilantius
831 2031 1002 2098 intendit'’
1047 2031 1212 2118 Quicquid
1241 2031 1356 2097 enim'
1377 2031 1414 2096 in
1442 2052 1512 2118 pro

471 2139 647 2204 motionem
663 2136 812 2212 ecclesiae,
835 2133 929 2220 cujus
950 2155 1062 2200 curam
1091 2155 1159 2200 non
1179 2133 1324 2220 reliquit,
1346 2139 1383 2199 et
1406 2132 1512 2221 gregis

472 2241 524 2305 oui
553 2238 706 2318 intendit,
735 2260 756 2302 a
785 2241 897 2302 vestra
925 2235 1026 2301 fuerit
1055 2237 1241 2323 impensum
1269 2237 1387 2324 gratia,
1411 2235 1513 2301 eidem

472 2365 514 2408 ex
547 2341 659 2407 eadem
689 2339 797 2426 gratia
818 2339 979 2405 veraciter
1007 2339 1191 2426 impensum
1224 2360 1293 2404 esse
1327 2339 1513 2404 dinoscitur.

474 2445 519 2508 Et
552 2443 630 2529 quia
667 2463 708 2506 ex
744 2440 816 2527 lege
853 2440 1008 2506 amicitiae
1045 2462 1119 2506 cum
1156 2441 1297 2518 eeclesia,
1320 2440 1373 2506 cui
1409 2441 1514 2507 dictm
1714 2502 1715 2505 ,

472 2547 685 2632 prodecessor
714 2563 806 2608 meus
835 2541 1000 2628 praesedit,
1032 2547 1068 2607 et
1096 2565 1156 2630 ego
1178 2565 1267 2609 nunc
1288 2542 1367 2609 licet
1387 2543 1514 2609 inutilis

472 2648 637 2736 praesideo,
659 2667 719 2710 vos
741 2642 911 2731 colligatos
932 2643 1076 2724 invenie,
1098 2645 1231 2732 cupiens
1253 2645 1325 2711 brec
1345 2666 1414 2710 non
1436 2646 1517 2711 dura

472 2751 530 2816 sed
562 2749 670 2814 dulcia
703 2747 837 2812 vincula
868 2745 986 2811 fortius
1023 2751 1058 2811 et
1095 2747 1218 2813 arctius
1254 2747 1443 2834 constringi,
1480 2749 1515 2812 in

470 2853 584 2918 eadem
617 2849 750 2915 vinculo
779 2849 879 2913 etiam
913 2870 966 2914 me
1000 2847 1120 2927 inicio;
1152 2871 1195 2914 ex
1215 2849 1395 2915 insertione
1428 2851 1515 2916 enim

468 2955 614 3042 plurium
635 2951 672 3016 in
694 2971 806 3016 eorum
820 2951 1027 3016 vinculorum
1048 2951 1212 3016 ambitum
1226 2951 1374 3017 vincitur
1393 2953 1514 3018 arctius

469 3056 609 3144 quilibet
631 3053 887 3140 comprehensor.
930 3051 1002 3118 Noc
1034 3051 1136 3118 timeo
1158 3053 1247 3140 quod
1268 3076 1336 3120 non
1358 3055 1513 3143 suscipiat

470 3181 522 3224 me
555 3158 718 3222 nitentem
748 3154 786 3218 in
819 3153 928 3241 ipsum
961 3158 1081 3220 vestre
1115 3153 1299 3221 dilectionis
1328 3157 1514 3244 amplexus,

471 3283 545 3327 cum
580 3281 639 3346 ego
673 3257 735 3322 sim
767 3257 851 3320 alter
882 3255 947 3338 ille,
979 3277 1047 3321 non
1079 3256 1185 3322 solum
1214 3257 1294 3345 quia
1316 3261 1455 3325 successi
1478 3260 1513 3324 in

475 3363 545 3449 ejus
568 3361 647 3439 loco,
671 3359 728 3426 sed
751 3357 829 3446 quia
851 3356 930 3444 ipse,
953 3357 1116 3424 retribuat
1142 3357 1174 3424 ei
1195 3360 1295 3440 Deus,
1317 3381 1376 3446 per
1397 3361 1515 3448 specia-

473 3465 537 3530 lem
561 3462 767 3529 dilectionem
801 3481 852 3525 me
887 3481 946 3525 suo
968 3460 1099 3525 unierat
1118 3461 1209 3527 cordi
1231 3470 1266 3526 et
1287 3463 1406 3541 animo,
1421 3485 1514 3549 quem

473 3572 592 3632 vestrae
622 3569 691 3630 tam
721 3561 870 3650 specialis
899 3561 1047 3628 caritatis
1076 3562 1265 3649 amplexata
1286 3569 1336 3629 est
1364 3563 1513 3632 latitudo.

472 3667 528 3735 Ad
550 3667 648 3754 pedes
670 3659 775 3752 igitur
797 3669 917 3730 vestroe
947 3664 1157 3750 paternitatis
1186 3687 1308 3752 pronus
1337 3671 1373 3732 et
1402 3690 1514 3754 provo

471 3769 562 3836 lutus
584 3767 665 3834 totis
689 3766 867 3832 visoe1ibus
897 3765 1080 3831 affectionis
1119 3788 1204 3853 rogo,
1240 3774 1280 3832 ut
1309 3791 1363 3834 me
1392 3769 1429 3834 in
1459 3771 1513 3836 illo

470 3877 579 3938 vestra
601 3867 767 3956 suscipiat,
790 3867 957 3945 sustineat,
980 3873 1015 3934 et
1035 3873 1146 3956 portet
1168 3868 1271 3934 dulcis
1293 3877 1328 3936 et
1350 3871 1458 3957 fortis
1475 3881 1513 3939 ot

471 3995 563 4040 crore
585 3970 719 4038 dilectio
730 3996 745 4052 ;
767 3969 950 4057 praesertim
965 3991 1040 4035 cum
1050 3970 1120 4037 baec
1138 3971 1183 4036 sit
1196 3976 1317 4038 natura
1331 3973 1513 4042 dilectionis

471 4081 511 4142 ut
545 4097 579 4142 se
613 4073 731 4139 dilatet
754 4072 797 4138 ad
819 4072 1062 4158 suscipiendum
1091 4094 1221 4138 omnem
1253 4073 1290 4139 in
1320 4075 1424 4162 ipsius
1446 4099 1512 4143 am-

471 4180 587 4266 plexus
609 4181 790 4252 conantem,
814 4179 848 4239 et
876 4179 918 4239 ut
946 4196 1077 4240 omnem
1103 4182 1289 4263 susceptum
1311 4179 1513 4266 constringat

470 4305 513 4348 ne
535 4279 644 4347 esuis
666 4276 871 4364 amplexibus
894 4276 1031 4343 decidat.
1077 4274 1196 4343 Certus
1224 4277 1329 4365 igitur
1351 4281 1441 4366 quod
1461 4305 1512 4349 me

470 4387 507 4450 in
537 4407 570 4449 se
600 4385 774 4450 conantem
796 4383 907 4444 vestre
928 4400 996 4444 non
1017 4379 1153 4466 repellet
1181 4379 1321 4460 dilectio,
1344 4403 1417 4448 eam
1439 4406 1512 4450 con·

470 4488 612 4554 fidenter
633 4505 742 4562 exoro,
759 4487 921 4570 quatenus
942 4480 1085 4547 eoclesiae
1105 4481 1246 4568 negotia,
1270 4483 1323 4548 cui
1346 4485 1511 4572 praesideo,

504 4739 512 4770 ¹
530 4735 617 4803 ι’ςίειν]
635 4749 683 4786 om
696 4733 746 4786 Ox.
988 4728 996 4798 Ι
1049 4729 1150 4796 ²an
1168 4730 1258 4797 igitur,
1266 4730 1357 4785 (ἰαῦ
