3500 5784
449 871 491 940 74
775 889 921 938 aenean
942 887 1172 938 eaossmrsrs

281 1065 379 1118 (ramea
447 1061 678 1146 prohibitionis
699 1063 931 1150 compescendo
962 1068 998 1130 ct
1029 1064 1204 1151 puniendo,
1228 1065 1371 1128 arietum
1394 1083 1494 1148 supra

447 1162 537 1250 ligna
559 1169 594 1230 et
615 1163 725 1230 rotns¹
742 1165 952 1248 elevationes,
968 1171 1168 1253 caeterosque
1181 1166 1278 1232 ludos
1299 1164 1492 1240 consimiles,

446 1264 482 1330 in
520 1265 638 1352 quibua
682 1267 871 1334 decertatur
916 1289 975 1355 pro
1020 1269 1156 1350 bravio;
1193 1289 1269 1333 cum
1304 1265 1493 1351 hujusmodi

445 1368 598 1436 ludorum
620 1375 691 1435 tom
714 1375 840 1436 actores
863 1392 962 1457 quam
985 1375 1193 1457 spectatores,
1216 1369 1302 1436 sicut
1324 1366 1495 1435 evidenter

280 1471 649 1562 1sp0r‚1;,y.dem0nstrat
694 1472 852 1552 Isidorus,
898 1473 1074 1538 immolent
1117 1471 1331 1552 daemonibns,
1375 1470 1493 1536 talium

279 1565 596 1644 mqlqg.un.1ud0,um
626 1575 858 1642 inventoribus
890 1580 925 1640 et
956 1573 1156 1652 auctoribus,
1188 1580 1225 1640 et
1256 1595 1330 1640 cum
1367 1571 1494 1638 eciem²

279 1647 418 1776 iiiiiilg',
445 1675 633 1762 hujusmodi
665 1677 735 1742 ludi
772 1677 963 1764 frequenter
995 1677 1077 1743 dent
1110 1675 1293 1742 occasiones
1323 1677 1389 1754 irae,
1415 1674 1492 1750 odii,

281 1779 314 1815 W·
327 1781 351 1830 P·
363 1773 421 1818 ³⁹⁵·
444 1801 575 1868 pugnae,
591 1786 626 1846 ct
647 1779 824 1847 homicidii.
869 1780 963 1845 Alios
985 1785 1097 1845 autem
1112 1779 1208 1844 ludos
1229 1779 1346 1844 diebus
1367 1777 1495 1844 festivis

445 1887 543 1964 actos,
567 1883 625 1970 qui
659 1903 726 1948 non
761 1888 1004 1948 consueverunt
1036 1883 1114 1947 dare
1140 1882 1290 1947 fomitem
1313 1880 1492 1959 discordiae,

445 1985 678 2072 predicatione
715 1985 839 2051 salubri
876 1985 1006 2070 facietis
1050 1983 1255 2065 dissuaderi3
1285 1984 1372 2070 qnia,
1409 1989 1495 2048 teste

280 2105 305 2157 S.
317 2107 385 2171 Aug.
446 2087 544 2153 beato
579 2087 776 2174 Augustino,
811 2109 885 2152 cum
917 2087 1024 2152 multo
1057 2087 1179 2152 minori
1210 2092 1343 2173 peceato
1379 2084 1495 2151 diebus

278 2175 415 2292 Ic’fiffim
447 2191 636 2258 solennibus
672 2199 790 2259 nerent
827 2199 862 2260 et
900 2195 1054 2260 texerent
1090 2191 1251 2272 mulieres,
1290 2198 1327 2258 et
1362 2198 1495 2257 manent

279 2279 401 2369 nemos,
447 2295 603 2375 homines,
619 2296 748 2383 aliaque
771 2319 869 2384 opera
892 2293 987 2362 huic⁸
1000 2295 1082 2362 vitae
1104 2293 1330 2362 sustentondae
1352 2315 1495 2360 necessa·

278 2378 329 2496 2³·
354 2379 418 2498 {³9⁹³
447 2398 497 2463 ria
516 2402 551 2465 et
573 2398 672 2464 utilia
693 2399 846 2478 facerent,
862 2420 962 2485 quem
984 2397 1174 2484 hujusmodi
1195 2399 1310 2464 obesis
1332 2403 1366 2464 ct
1379 2396 1494 2484 volup-

296 2461 340 2510 .p.
387 2484 394 2498 ’
446 2501 549 2566 tuosis
583 2501 802 2588 indulgerent
848 2500 929 2566 Dies
962 2522 1106 2587 namque
1138 2499 1269 2566 sancti*
1289 2499 1354 2565 toti
1386 2499 1492 2565 debiti

445 2607 524 2670 sunt
547 2602 710 2690 obsequiis
732 2602 855 2668 divinis
877 2610 913 2670 et
944 2603 1100 2690 operibus
1129 2603 1260 2682 sanetis,
1283 2623 1358 2689 quae
1380 2601 1494 2667 imme·

444 2706 533 2772 diste
567 2705 743 2795 proliciunt
776 2707 812 2772 in
844 2704 985 2771 salutem
1017 2704 1202 2770 animarum
1214 2728 1223 2784 ;
1244 2727 1266 2770 a
1299 2705 1418 2792 quibus
1442 2705 1493 2769 in·

443 2809 708 2896 comparabiliter
734 2808 865 2895 longius
896 2807 1025 2874 dietim
1055 2829 1095 2874 ea
1116 2829 1192 2894 quas
1213 2812 1294 2872 sunt
1315 2806 1495 2874 otiositatis

445 2917 479 2977 et
501 2911 683 3000 voluptatis
706 2929 805 2996 quam
835 2931 911 2997 quse
942 2915 1023 2976 sunt
1044 2910 1249 2976 necessitatis
1271 2914 1306 2976 et
1327 2909 1493 2975 utilitatis

445 3013 588 3080 Fecistis
619 3035 749 3101 quoque
779 3033 838 3100 per
868 3011 1074 3100 frequentem
1108 3013 1307 3079 commoneri
1339 3012 1494 3100 praedica-

445 3117 577 3196 tionem,
601 3123 642 3182 ut
664 3117 721 3204 qui
744 3116 949 3182 conveniunt
970 3116 1014 3182 ud
1028 3115 1161 3204 vigilias
1182 3115 1290 3182 noctis
1312 3115 1350 3180 in
1370 3115 1493 3203 vigiliis

444 3225 631 3286 sanctorum
665 3219 709 3285 od
743 3239 854 3286 eorum
889 3219 1038 3286 ecclesias
1069 3220 1124 3285 vel
1156 3220 1338 3302 memorias,
1364 3220 1421 3285 vel
1449 3217 1492 3285 od

443 3321 598 3409 exequias
642 3321 881 3405 defunctorum,
925 3319 1049 3388 ibidem
1092 3321 1170 3387 solis
1215 3326 1334 3388 vacent
1370 3321 1494 3388 divinis

444 3425 608 3512 obsequiis
639 3429 674 3490 et
708 3423 935 3506 erationibus3
957 3445 1001 3489 ne
1032 3423 1297 3503 scurrilitatibus,
1319 3425 1375 3490 vel
1396 3423 1494 3505 ludis,

444 3527 497 3594 vel
532 3527 618 3594 forte
656 3526 829 3614 pejoribus,
868 3533 909 3592 ut
945 3527 1018 3592 lieri
1052 3527 1232 3608 consuevit,
1271 3527 1491 3606 intendentes,

444 3636 632 3697 sanctorum
669 3630 735 3696 iras
780 3631 816 3696 in
861 3651 896 3696 se
925 3635 1113 3718 provocent,
1153 3651 1292 3716 quorum
1329 3635 1495 3697 venerunt

444 3733 653 3822 impetraturi
688 3732 867 3820 suffragia;
890 3735 926 3797 et
959 3753 1001 3798 no
1033 3733 1072 3799 in
1093 3732 1323 3799 defunctorum
1345 3733 1493 3820 exequiis

351 3869 357 3883 ·
444 3837 485 3903 de
530 3838 626 3904 domo
671 3837 780 3904 luctus
824 3842 859 3902 et
896 3835 1131 3902 recordationis
1168 3836 1419 3903 novissimorum
1455 3837 1493 3902 in

442 3943 697 4030 praecautionem
735 3940 968 4028 peccaminum,
1007 3940 1133 4006 faciunt
1169 3941 1304 4006 domum
1336 3941 1422 4007 meria
1457 3947 1492 4008 ot

437 4043 614 4131 jocationis
650 4044 687 4109 in
725 4042 1035 4130 multiplicationem
1072 4042 1306 4131 peccaminum,
1351 4065 1490 4131 quorum

442 4153 588 4214 extrema
609 4147 717 4211 luctus
739 4143 913 4233 occupabit
934 4149 1078 4212 aeternus
1107 4150 1143 4212 et
1164 4146 1338 4212 tenebrose
1358 4147 1490 4229 oblivio,

442 4272 542 4338 quum
563 4247 745 4315 illustrabit
767 4249 930 4336 sapientia
952 4249 1005 4316 vel
1036 4247 1199 4316 scientio⁶
1219 4250 1274 4315 vel
1296 4250 1392 4316 ratio.
1436 4251 1491 4316 Ab

442 4353 582 4422 ecclesiis
603 4355 714 4419 eutem
740 4356 776 4418 et
809 4351 1004 4419 coemeteriis
1033 4373 1146 4418 omnes
1168 4351 1356 4438 hujusmodi
1387 4353 1490 4434 ludos,

475 4601 482 4632 ¹
500 4599 580 4666 relus]
599 4607 716 4660 merum,
729 4597 781 4651 sid.
1023 4600 1033 4630 ⁴
1049 4597 1142 4665 santa]
1160 4599 1226 4664 festi,
1237 4598 1290 4651 Sin

475 4681 484 4791 Ξ
501 4689 587 4772 etcum
597 4679 682 4770 etiam]
701 4693 767 4741 cum,
779 4675 830 4730 Sld·
1022 4719 1032 4748 ¹
1049 4715 1207 4783 oelscicntia]
1226 4731 1274 4769 om.
1286 4717 1378 4772 (20.ss

500 4759 570 4827 huuc]
589 4774 638 4811 om.
650 4759 702 4812 διὰ.
