3500 5784
431 832 474 895 42
758 845 906 895 scaram
928 843 1157 895 ammissa

428 1024 506 1084 “et
537 1018 647 1084 timidi
669 1020 705 1083 in
727 1018 802 1085 aliis
828 1018 1001 1096 mirantur,
1024 1019 1106 1104 quia
1130 1018 1175 1083 ab
1197 1017 1246 1084 cis
1272 1017 1344 1083 hiae
1365 1016 1478 1083 eedem

429 1127 446 1155 “
470 1120 646 1207 duplicitas
670 1119 875 1206 iniquitctm¹
900 1121 1034 1187 nomine
1056 1120 1193 1206 palliata
1214 1120 1376 1205 diligitur,
1398 1118 1477 1185 dum

429 1232 445 1255 “
469 1222 589 1287 mentis
622 1224 820 1309 perversitas
853 1221 1026 1287 urbanitas
1061 1227 1205 1288 vocatur.
1257 1222 1341 1287 Haec
1375 1220 1479 1306 igitur

429 1322 724 1410 “obsequentibus
754 1324 914 1410 praecipit,
946 1323 1109 1388 honorum
1146 1322 1291 1388 culmina
1323 1344 1476 1407 quaerere,

427 1432 445 1459 “
468 1425 589 1512 adepta
633 1425 823 1511 temporalis
868 1424 982 1511 gloriae
1020 1424 1171 1489 vanitate
1207 1424 1358 1511 gaudere,
1396 1423 1478 1487 irro-

430 1534 447 1561 “
468 1527 573 1617 gata⁹
601 1525 644 1595 ab
667 1526 740 1593 aliis
771 1526 858 1591 mala
887 1525 1105 1614 multiplicius
1127 1524 1269 1604 reddere,
1294 1546 1368 1591 cum
1390 1525 1478 1590 vires

426 1633 446 1663 “
468 1633 659 1717 suppetunt,
682 1628 783 1693 nullis
810 1627 1049 1693 obsistentibus
1080 1628 1214 1709 cedere,
1243 1647 1318 1693 cnm
1339 1625 1477 1691 virtutis

429 1738 447 1763 “
469 1730 669 1817 possibilitas
693 1730 793 1810 deest,
813 1730 971 1816 quicquid
993 1729 1124 1816 explere
1146 1750 1205 1815 per
1227 1728 1391 1795 malitiam
1412 1750 1480 1792 non

427 1838 444 1869 “
467 1832 566 1912 valet,
582 1831 643 1897 hoo
657 1831 691 1895 in
707 1832 843 1918 pacifica
857 1832 1007 1897 bonitate
1022 1832 1183 1896 simulare.
1207 1829 1257 1895 At
1272 1834 1395 1910 contra,
1407 1830 1478 1913 jus-

426 1940 444 1971 “
466 1938 577 1999 torum
597 1932 760 2019 sapientia
775 1937 833 2011 est,
849 1932 935 1997 nihil
949 1953 1009 2019 per
1021 1932 1240 1998 ostensionem
1254 1932 1388 2018 fingere,
1404 1953 1477 2001 sen-

426 2040 445 2071 “
465 2056 539 2101 sum
562 2034 672 2099 verbis
693 2035 827 2121 aperire,
843 2055 924 2099 vera
946 2038 986 2098 ut
1007 2039 1087 2099 aunt
1110 2033 1256 2119 diligere,
1280 2033 1364 2097 falsa
1385 2033 1479 2098 devi-

426 2146 445 2173 “
466 2142 547 2217 tare,
559 2138 647 2203 bona
661 2137 763 2225 gratis
779 2136 943 2216 exhibere,
956 2137 1045 2199 mala
1058 2135 1216 2200 libentius
1226 2134 1368 2201 tolerare
1377 2156 1476 2219 quam

426 2246 444 2277 “
466 2238 580 2320 fucere
597 2238 724 2303 nullam
747 2237 877 2325 injuriae
899 2237 1061 2303 ultionem
1084 2258 1236 2322 quaerere,
1251 2257 1312 2323 pro
1336 2236 1478 2301 veritate

426 2346 446 2375 “
467 2341 700 2407 contumeliam
723 2340 804 2427 pati,
828 2339 957 2404 lucrum
979 2344 1097 2425 putare
1119 2360 1179 2425 pro
1206 2336 1478 2403 maledicentibus

428 2448 447 2477 “
468 2464 570 2523 orare,
594 2447 824 2529 paupertatem
856 2462 1010 2527 quaerere,
1032 2462 1181 2528 possessa
1210 2440 1404 2525 relinquere,
1426 2461 1479 2505 ra·

429 2551 447 2581 ‘⁴
468 2544 573 2631 pienti
588 2565 656 2609 non
670 2544 830 2623 resistere,
843 2542 1043 2630 percutienti
1057 2544 1196 2607 alteram
1211 2542 1382 2608 maxillam
1395 2563 1478 2628 prae-

430 2654 447 2681 “
468 2645 573 2712 bere.’'
616 2646 658 2711 In
680 2646 778 2732 hujus
799 2646 972 2733 sapientiae
992 2646 1164 2732 compedes
1185 2666 1358 2710 monemur
1379 2645 1479 2731 pedes

261 2765 286 2817 s.
299 2763 368 2831 Aug.
427 2748 555 2831 inicere,
580 2750 666 2835 quia,
689 2754 729 2815 ut
751 2748 832 2814 dicit
854 2749 973 2813 beatus
995 2748 1221 2835 Augursttnus:
1251 2746 1367 2815 “Haec
1390 2748 1478 2834 eapi-

260 2831 339 2895 EPlflt·
351 2837 392 2884 26·
427 2854 446 2889 ‘C

262 2899 325 2962 opp.
337 2898 362 2951 ii.

260 2979 284 3029 p.
296 2968 336 3016 ³7.

469 2852 560 2917 entia
581 2872 662 2937 quos
684 2851 791 2938 primo
815 2850 1008 2937 alligaverit,
1033 2855 1068 2915 et
1089 2849 1326 2917 exhortatoriis
1343 2850 1479 2935 quibus-

426 2960 445 2989 “
469 2953 546 3017 dam
576 2952 745 3019 laboribus
774 2953 968 3032 edomuerit,
990 2953 1099 3021 solvet
1119 2957 1242 3039 postca,
1265 2951 1477 3037 liberatisque

428 3062 448 3090 “
470 3074 539 3119 rese
571 3053 674 3119 donat
705 3054 749 3119 ad
779 3054 974 3119 fruendum:
1014 3058 1050 3119 et
1075 3075 1157 3140 quoe
1185 3054 1292 3140 primo
1315 3060 1478 3139 tempora

426 3153 557 3221 “libus
587 3154 729 3220 nexibus
766 3155 934 3233 erudierit,
948 3151 951 3157 ’
966 3159 1081 3241 postea
1108 3155 1242 3223 aeternis
1271 3155 1478 3243 amplexibus

429 3262 447 3293 “
471 3256 631 3344 alligabit,
668 3277 734 3341 quo
771 3255 906 3322 viuculo
941 3278 1002 3322 nec
1034 3257 1212 3344 jocundius
1246 3280 1306 3323 nec
1338 3258 1477 3323 solidius

429 3366 447 3397 ‘¹
471 3358 653 3445 excogitari
686 3358 863 3444 quicquam
893 3362 1013 3444 potest.
1086 3358 1199 3424 Prima
1230 3358 1300 3425 baec
1330 3358 1477 3444 aliquan-

430 3467 448 3501 “
472 3460 582 3525 tulum
610 3460 696 3525 dura
718 3482 788 3525 esse
817 3460 945 3541 fateor3
976 3460 1035 3526 illa
1055 3482 1135 3526 vero
1163 3458 1286 3526 ultima
1305 3481 1365 3525 neo
1393 3461 1477 3526 dura

429 3566 447 3599 ‘⁸
471 3560 622 3639 dixerim,
662 3560 741 3648 quia
785 3560 975 3627 dulcissima
1011 3567 1098 3641 sunt,
1144 3584 1205 3629 nec
1240 3561 1361 3643 mollia,
1398 3564 1477 3648 quia

350 3659 354 3669 '
426 3669 445 3703 “
469 3663 666 3729 firmissima.
726 3661 869 3727 Vincula
902 3684 981 3727 vero
1018 3664 1190 3749 sapientiae
1226 3663 1324 3750 hujus
1360 3666 1478 3731 mundi

427 3772 446 3803 tt

425 3872 444 3905 tt

425 3976 444 4005 ίί

425 4078 444 4107 CC

472 3765 685 3852 asperitatem
708 3763 832 3829 habent
850 3784 972 3843 veram,
991 3763 1235 3849 jocunditatem
1253 3766 1369 3832 falsam
1380 3793 1388 3847 ;
1410 3789 1478 3833 cer-

467 3872 541 3931 tum
562 3866 719 3945 dolorem,
743 3866 905 3933 incertam
926 3866 1134 3951 voluptatem
1145 3891 1154 3946 ;
1181 3867 1300 3932 durum
1322 3868 1477 3949 laborem,

465 3968 620 4033 timidam
642 3968 807 4053 quietem3
838 3989 908 4032 rem
934 3967 1066 4053 plenam
1087 3968 1235 4046 miseria,
1259 3990 1351 4055 spem
1372 3969 1478 4035 beati·

466 4071 592 4136 tudinis
641 4068 801 4135 inanem.’'
879 4068 962 4135 Haec
1006 4068 1109 4133 fallax
1153 4070 1271 4135 mundi
1315 4072 1478 4157 sapientia

424 4177 541 4261 sponte
571 4193 606 4237 se
638 4172 770 4258 ingerit,
802 4176 836 4239 et
870 4171 913 4236 ad
946 4172 1085 4257 januam
1113 4172 1326 4259 juventutis⁸
1354 4179 1477 4241 nostrae

424 4276 617 4364 importune
648 4274 768 4362 pulsat,
799 4279 841 4341 ut
870 4274 937 4339 sibi
966 4274 1134 4361 aperiatur
1156 4280 1191 4341 et
1217 4276 1328 4343 intret.
1390 4277 1478 4343 Vera
1536 4326 1540 4350 ,

767 4486 1106 4494 ----——-———
1114 4488 1120 4493 -

461 4622 635 4688 Nusquam]
655 4622 785 4687 equitatis,
796 4621 848 4674 sic.
1009 4627 1018 4654 ²
1028 4624 1178 4693 amaa]
1197 4626 1295 4687 menda,
1307 4625 1397 4680 cuc.

463 4702 607 4767 amaa]
627 4700 799 4766 erogaasu.
