3500 5784
670 883 848 934 semmam
1220 871 1283 936 129

238 1055 336 1122 nobis
366 1055 444 1122 licet
476 1053 643 1144 indignis¹
665 1055 851 1136 commissae,
874 1079 933 1144 per
962 1054 1013 1122 S!
1033 1054 1184 1120 clericum
1209 1065 1449 1120 nos-⁸s.oeAr-

237 1165 337 1235 trum,
367 1157 505 1231 latomus
537 1159 756 1247 praesentium,
787 1159 881 1225 vobis
913 1157 1042 1246 plenius
1074 1157 1282 1245 exponendis,
1295 1133 1452 1264 {fflxffi

239 1259 403 1347 impertiri
424 1261 614 1347 dignemini,
637 1261 763 1327 intuitu
786 1260 921 1326 Domini
941 1261 1048 1326 nostri
1061 1259 1143 1324 Jesn
1159 1259 1284 1327 Christi

240 1369 276 1427 et
299 1362 507 1429 confidentia
529 1383 629 1450 qnam
651 1364 692 1428 de
714 1368 823 1430 vestra
844 1363 1051 1450 benignitate
1071 1369 1282 1449 reportamus,

239 1465 398 1551 praedicta
417 1466 552 1551 negotia
565 1465 740 1554 diligenter
761 1466 993 1544 examinantes,
1015 1465 1180 1552 superflua
1199 1488 1286 1532 rese·

240 1566 353 1645 cando,
376 1567 553 1634 imminuta
573 1567 732 1646 addendo,
767 1568 908 1634 distorta
940 1566 1119 1653 dirigendo,
1149 1567 1284 1654 injusta,

240 1669 333 1754 siqua
355 1669 432 1750 sint,
454 1670 587 1756 penitus
617 1669 794 1748 abiciendo,
829 1675 869 1736 ut
899 1669 941 1734 de
973 1671 1035 1735 snb
1067 1675 1186 1736 vestrae
1217 1691 1285 1735 ccr-

239 1771 393 1838 rectionis
415 1771 503 1853 lima,
525 1793 584 1860 per
604 1777 752 1838 vestrum
773 1773 917 1859 prudens
938 1773 1108 1838 consilium
1123 1778 1158 1838 et
1172 1771 1286 1838 efficax

241 1872 443 1958 adjutorium
475 1897 496 1940 a
525 1895 626 1939 mann
657 1874 777 1940 summi
810 1874 955 1955 artificis,
989 1874 1050 1942 boc
1081 1881 1138 1953 est,
1166 1874 1286 1940 summi

240 1976 413 2061 pontificis,
452 1975 589 2042 formam
634 1977 792 2064 recipiant
836 1977 943 2064 plenae
987 1976 1286 2044 consummationis

241 2077 316 2144 Hoc
338 2083 449 2146 autem
471 2080 508 2144 in
529 2079 615 2145 calce
637 2079 735 2165 hnjns
756 2079 893 2167 pagella
907 2101 1015 2146 coram
1030 2080 1101 2146 Deo
1116 2081 1286 2166 loquentes

240 2181 372 2248 cantati
394 2187 520 2260 vestrae,
543 2203 625 2268 quae,
660 2183 744 2248 mont
759 2183 917 2269 scriptum
939 2187 999 2261 est,
1022 2181 1144 2248 crmtc'c
1166 2181 1282 2261 erodit,
1299 2193 1310 2237 1
1325 2188 1381 2240 Cor·
1393 2186 1448 2238 xiii.

239 2283 400 2350 veraciter
433 2284 612 2363 asserimus,
635 2285 724 2370 qnod
745 2285 781 2349 in
804 2285 855 2350 his
876 2284 1018 2371 negotiis
1039 2307 1113 2372 qnae
1134 2307 1192 2372 per
1212 2307 1284 2350 ves-
1296 2259 1319 2306 ⁷¹

239 2391 303 2452 trae
335 2386 549 2474 benignitatis
574 2386 784 2473 prudentiam
806 2387 991 2474 promoveri
1020 2389 1176 2475 cupimus,
1199 2387 1284 2452 nihil

239 2489 477 2569 transitorium,
511 2488 568 2556 sed
604 2489 707 2554 solam
739 2493 897 2556 aeternam
934 2489 1074 2554 salutern
1109 2491 1284 2575 quaerimus

240 2613 432 2656 ammarum.

687 2827 885 2895 XXXVIII.

248 2988 332 3058 Vtro
345 2989 531 3058 omento·
544 2989 588 3056 in
605 2989 735 3058 Obriclc
757 2990 933 3057 camdem
954 2990 1076 3058 Fratri
1097 2988 1284 3075 meapte,
1336 2992 1406 3042 ¹2³⁷·

332 3093 469 3160 domim
505 3095 613 3181 Pcpoe
645 3093 917 3180 penitentiam,
947 3093 1111 3160 Rcbcctos
1140 3091 1286 3180 pcc-tnta-

331 3195 424 3262 siooe
457 3195 582 3263 diotae
605 3195 862 3264 lincolniensis
883 3196 1022 3264 eoolccioe
1043 3195 1202 3264 mettas
1223 3195 1285 3262 ba-

331 3298 439 3380 milis,
461 3297 613 3364 salutem.

290 3472 430 3540 Caritati
452 3480 580 3554 vestrae,
613 3495 694 3560 qnae,
717 3473 803 3540 sicut
824 3495 886 3540 nos
906 3473 1068 3560 praevenit
1090 3473 1284 3560 cognitione,
1298 3498 1430 3551 seimon

244 3573 290 3642 sic
335 3577 435 3642 etiam
472 3575 634 3663 praevenit
670 3577 802 3665 speciali
856 3577 1037 3656 dilectione,
1092 3577 1287 3663 insuperque
1297 3575 1433 3682 Ἠῶ

245 3679 395 3746 beneficii
417 3679 679 3766 praestnntiseimi
704 3679 918 3760 exhibitione,
948 3680 1033 3745 ment
1053 3678 1175 3766 partim
1197 3700 1288 3744 vera
1299 3670 1433 3762 nspofiea

244 3783 327 3849 citer
372 3780 568 3848 didicimus⁹
605 3803 647 3848 ex
684 3783 751 3848 fida
782 3782 926 3870 plurium
963 3781 1129 3862 relatione,
1167 3781 1288 3868 partim
1299 3765 1412 3897 Ψ·

244 3907 322 3952 vero
345 3907 388 3951 ex
416 3884 513 3951 bonan
542 3885 705 3951 memoriae
736 3884 862 3950 Fratris
902 3885 986 3952 Adae
1027 3886 1111 3964 Rufi,
1147 3885 1289 3950 dilectis-

244 3988 318 4053 simi
348 3987 442 4052 nobis
470 3988 506 4052 in
530 3987 661 4054 Christo
700 3987 863 4073 quondam
903 3987 1061 4076 discipuli,
1092 3993 1172 4054 tunc
1210 4009 1288 4053 vero

245 4090 341 4156 amici
378 4088 611 4177 specialissimi,
648 4111 736 4155 nunc
758 4095 877 4169 autem,
909 4095 949 4156 nt
969 4090 1023 4178 pie
1044 4113 1217 4178 speramns,
1252 4092 1288 4155 in

244 4193 335 4259 curia
367 4191 487 4258 summi
523 4191 653 4257 Judicis
689 4193 829 4279 patroni,
857 4194 1075 4279 rescriptione,
1107 4194 1287 4282 gratiarnm

244 4296 388 4361 actiones
409 4315 477 4359 non
499 4299 639 4380 quantas
674 4295 839 4374 vellemus,
864 4295 922 4360 sed
944 4303 1085 4382 quantas
1106 4317 1286 4383 possumus,

244 4420 317 4464 cnm
340 4418 469 4463 summa
483 4396 656 4464 devotione
677 4396 888 4463 refundimus
934 4397 980 4462 Et
995 4399 1072 4486 quia
1085 4398 1239 4486 primaria
1253 4404 1288 4464 et

639 4617 757 4624 ----.-.—
777 4617 998 4624 .—-----—··—.
1024 4619 1061 4624 --.
1073 4619 1122 4625 ,ή-

279 4739 424 4812 taaaao]
443 4739 554 4808 rengno,
566 4739 657 4794 ccc.
675 4739 725 4794 oz
763 4739 770 4808 ι
826 4739 991 4809 mnam]
1008 4741 1125 4807 nomm,
1136 4741 1226 4798 ccc.

1141 4841 1156 4889 1
