3500 5784
692 865 870 919 semmaa.
1244 848 1309 920 367

260 1050 318 1120 eet,
335 1040 503 1109 adomino
519 1042 618 1128 Papa,
634 1040 689 1108 rel
704 1045 814 1107 totum
829 1041 882 1106 vel
898 1046 1025 1128 partem
1048 1058 1115 1107 suae
1137 1039 1310 1127 potestatis

259 1145 461 1232 recipientes,
485 1150 519 1209 et
540 1144 583 1208 ab
605 1144 709 1230 ipsius
739 1141 921 1229 potestate¹
948 1142 1105 1208 habentes
1138 1142 1309 1227 indulgen-

261 1247 326 1311 tias
348 1246 411 1311 sibi
433 1247 489 1311 vel
511 1247 579 1311 suis
601 1245 743 1311 subditis
765 1246 820 1309 vel
842 1246 998 1330 utrisque,
1022 1264 1064 1309 na
1087 1244 1122 1307 in
1144 1244 1312 1331 praediotis

260 1347 313 1413 rel
334 1370 446 1413 eorum
469 1348 633 1434 aliquibus
655 1348 708 1412 vel
738 1348 849 1433 aliquo
880 1348 947 1413 sint
980 1345 1121 1432 subjecti
1155 1346 1310 1433 episeopo.
1325 1353 1474 1405 Iflhenthe

261 1449 370 1537 Igitur
401 1453 429 1515 si
466 1450 503 1515 in
536 1450 597 1516 hae
629 1456 722 1537 parte
745 1457 877 1515 mreant
911 1450 1052 1516 decanus
1074 1454 1109 1515 et
1131 1422 1448 1551 oapittdumssffitffd

260 1575 438 1640 omnesque
468 1574 581 1619 eorum
615 1553 740 1619 subditi
771 1553 895 1617 domini
932 1553 1029 1640 Papae
1063 1550 1236 1639 privilegio
1259 1572 1312 1617 eos
1325 1555 1390 1635 have
1400 1570 1433 1604 ¹1⁰

261 1656 427 1721 eximente
449 1656 492 1721 ab
515 1657 670 1743 episeopo,
687 1656 811 1741 injuste
830 1654 992 1721 rebellant
1014 1660 1049 1721 et
1071 1655 1310 1733 oontradieunt‚
1324 1620 1471 1752 effi?

261 1779 304 1824 ne
326 1758 496 1846 episeopus
517 1760 554 1823 in
576 1780 630 1823 eos
653 1763 820 1823 eteorum
855 1756 1006 1823 subditos
1040 1757 1198 1844 praedicta
1220 1752 1444 1871 exer-&wlff

261 1866 354 1943 oeat3
393 1884 461 1928 non
490 1867 628 1948 possunt
662 1860 802 1948 allegare
835 1862 1078 1947 exemptionem
1101 1866 1135 1927 et
1157 1861 1312 1925 immuni·
1325 1834 1471 1937 mpppbeey

261 1970 367 2030 tatem
389 1966 425 2029 in
446 1964 509 2029 hae
530 1970 623 2052 parte
654 1986 712 2050 per
745 1964 885 2028 alterum
921 1984 1019 2049 quam
1053 1984 1111 2050 per
1144 1955 1455 2072 dominpm{glp‘heei‘bi

261 2066 384 2153 Papam
406 2074 540 2154 propter
561 2066 734 2154 pruedietes
748 2068 900 2131 rationes.
946 2066 982 2131 Si
1005 2065 1092 2131 enim
1115 2086 1182 2131 non
1204 2070 1315 2153 potest
1327 2086 1484 2151 shop‘sviit-

261 2171 335 2255 quis
357 2170 534 2256 episeopus,
558 2175 597 2233 ut
619 2168 812 2256 praediotum
836 2176 895 2249 eat,
928 2187 1022 2234 suam
1043 2172 1241 2256 potestatem
1269 2152 1482 2273 sieffiffgff

261 2272 335 2337 aria
349 2272 526 2359 assumptis
547 2272 585 2335 in
607 2272 658 2336 sui
679 2271 855 2337 ministerii
871 2271 1091 2357 museum
1113 2271 1258 2350 influere,
1275 2276 1315 2335 ut
1327 2236 1456 2339 „asla-

260 2375 400 2461 ipsomet
422 2396 494 2441 eam
515 2374 579 2440 sibi
601 2375 797 2455 imminuat3
820 2375 927 2439 multo
957 2374 1076 2439 fortius
1108 2393 1176 2441 non
1206 2378 1315 2461 potest
1326 2355 1385 2473 22}
1396 2353 1435 2403 ¹¹¹⁸

262 2499 333 2542 eam
356 2477 549 2542 imminuere
579 2497 639 2541 suo
664 2478 846 2543 suooessori.
897 2476 1019 2543 Actum
1043 2477 1175 2561 quidem
1206 2483 1314 2563 potes·
1327 2502 1430 2555 powers.

262 2581 342 2644 tatis
386 2602 454 2645 suae
498 2584 607 2665 potest
649 2579 817 2666 episeopus
859 2580 896 2643 in
940 2580 993 2644 sui
1037 2580 1142 2643 oneris
1183 2576 1315 2645 allevia

262 2683 387 2747 tionem
409 2683 484 2747 aliis
505 2682 645 2761 tradere,
669 2688 703 2747 et
732 2683 783 2746 ita
815 2686 927 2746 aetum
960 2704 1027 2747 suee
1057 2682 1229 2768 potestatis
1252 2682 1316 2747 sibi

263 2786 421 2848 minorem
443 2784 487 2848 ad
508 2782 652 2849 laborem
673 2783 786 2864 faeere,
810 2782 868 2848 sed
901 2784 1006 2870 ipsam
1037 2784 1100 2848 sibi
1121 2783 1315 2850 imminuere

262 2906 469 2971 nequaquam
505 2890 616 2972 potest
649 2886 772 2971 absque
803 2884 907 2971 ipsius
945 2884 1115 2951 voluntate
1153 2886 1210 2972 qui
1243 2906 1315 2951 eom

262 2993 460 3074 potestatem
505 2986 569 3052 sibi
614 2987 743 3066 tribuit,
781 2986 842 3053 hoe
888 2991 947 3067 est,
985 2987 1107 3074 absque
1144 2988 1317 3053 voluntate

262 3090 389 3155 domini
411 3090 515 3175 Papae.
563 3088 647 3155 Oum
670 3089 757 3153 enim
789 3112 810 3153 a
838 3094 1001 3176 potestate
1032 3089 1210 3177 apostoliea
1231 3090 1318 3155 deri-

262 3193 418 3257 veturia
440 3192 606 3278 episcopos
639 3191 828 3278 episcopalis
855 3196 1010 3277 potestas,
1043 3192 1317 3278 quemadmodum

263 3295 299 3359 in
325 3295 433 3381 ipsum
467 3293 681 3381 apostolicum
704 3292 746 3358 a'
769 3293 915 3377 Christo⁴
936 3296 1111 3380 potestatis
1134 3294 1314 3381 plenitudo,

263 3402 299 3463 et
320 3397 381 3463 hoe
402 3397 518 3483 utique
540 3397 578 3461 in
599 3397 784 3461 animarum
804 3396 952 3477 salutem,
968 3397 996 3461 si
1011 3396 1180 3484 episeopus
1194 3399 1317 3484 absque

264 3498 396 3565 domino
418 3500 510 3585 Papa
531 3504 727 3586 potestatem
761 3498 974 3585 episcopalem
1001 3499 1065 3564 sibi
1097 3500 1316 3578 imminueret,

265 3602 397 3667 domino
420 3600 518 3687 Papae
540 3602 577 3666 in
598 3600 659 3666 hoo
687 3602 879 3688 derogaret3
918 3601 1012 3680 siout,
1036 3606 1075 3666 ut
1094 3604 1317 3689 supradictum

265 3710 326 3785 eat,
349 3704 491 3791 episcopi
513 3704 676 3791 assumpti
698 3708 777 3769 sunt
799 3708 838 3769 ut
861 3724 944 3769 onus
974 3704 1100 3769 domini
1122 3704 1221 3792 Papae
1243 3728 1317 3772 oum

263 3808 334 3895 ipso
357 3811 553 3884 sustentent,
577 3807 675 3871 etad
698 3804 760 3871 hoe
781 3806 968 3871 faciendum
991 3806 1032 3872 de
1055 3828 1122 3872 sum
1145 3809 1318 3895 potestatis

265 3909 471 3997 plenitudine
493 3908 661 3995 recipiunt
682 3913 888 3995 potestatem
935 3910 971 3975 Si
994 3908 1098 3997 igitur
1121 3910 1208 3997 quod
1230 3932 1318 3977 acee-

265 4017 387 4100 perunt
409 4034 431 4075 a
453 4011 585 4076 domino
603 4011 703 4098 Papa,
719 4016 754 4076 et
774 4034 796 4075 a
814 4010 947 4078 Christo
970 4034 1028 4098 per
1042 4014 1149 4100 ipsum
1165 4014 1316 4093 medium,

266 4116 308 4179 ad
346 4113 598 4179 sustentandum
636 4134 710 4178 eum
748 4114 818 4200 ipso
863 4134 946 4179 onus
991 4114 1166 4181 ministerii
1204 4116 1318 4181 salutis

264 4215 449 4282 animarum
470 4235 530 4303 pro
563 4214 683 4302 quibus
715 4214 865 4282 Christus
898 4220 1048 4281 mortuus
1074 4222 1131 4297 est,
1156 4218 1225 4283 sine
1247 4218 1318 4305 ipso

266 4320 329 4386 sibi
351 4320 560 4400 imminuant,
583 4341 658 4384 cum
680 4318 742 4384 hoe
763 4340 831 4383 non
853 4318 955 4385 firorit
986 4320 1023 4384 in
1053 4320 1236 4386 intentione
1259 4322 1319 4387 tri-

398 4622 404 4651 ¹
418 4620 552 4687 minuo]
571 4634 621 4670 om.
633 4618 733 4682 O.G.C.,
742 4618 814 4669 Tria.

395 4704 410 4814 ¹.
422 4702 728 4851 igniirnteriiffiffulorim]
750 4702 869 4769 adjutorii
880 4702 1058 4767 ministerium,
1068 4704 1142 4758 Tria.

504 4820 513 4846 Ι
