3500 5784
487 861 551 928 4³8
813 877 961 926 rossan
984 875 1213 926 snomrrnsrs

317 1057 383 1108 birth
394 1061 444 1110 ans
486 1053 657 1118 obviantes
679 1053 749 1118 siue
771 1073 867 1134 eausa
889 1053 942 1119 vel
965 1053 1143 1130 commisso,
1166 1054 1251 1118 sieut
1273 1051 1407 1130 dicitur,
1430 1051 1554 1138 plagas

316 1126 453 1244 ffiffl'
486 1156 655 1222 horribiles
669 1161 703 1221 et
718 1157 870 1222 mortales
882 1155 988 1220 eidem
999 1155 1187 1221 intulerunt
1200 1179 1209 1234 ς
1224 1155 1283 1241 qui
1292 1177 1369 1220 cum
1379 1155 1553 1219 niteram

318 1259 363 1310 Μ·
376 1261 438 1310 seen
485 1259 631 1336 evadere,
654 1258 833 1324 carnifices·
853 1263 888 1324 et
922 1259 1056 1343 quidam
1078 1257 1134 1322 alii
1157 1277 1233 1322 cum
1253 1257 1371 1322 frustis
1393 1259 1551 1322 earnium

317 1327 459 1444 ssussdffi
486 1369 521 1428 et
542 1361 709 1427 intestinis
739 1382 776 1426 ac
802 1361 870 1426 suis
901 1361 1066 1448 spurcitiis
1098 1362 1239 1426 eundem
1261 1359 1489 1438 foedaverunt,
1515 1363 1552 1424 et

485 1465 543 1530 alii
577 1464 783 1530 contumeliis
817 1465 926 1550 ipsum
960 1463 1115 1530 affectum
1146 1463 1313 1550 lapidibus
1346 1462 1547 1537 obruerunt,

485 1569 534 1633 ita
555 1567 644 1654 quod
667 1567 702 1632 in
725 1568 845 1631 ostium
868 1567 1011 1632 ccclesiae
1033 1565 1191 1630 Omnium
1214 1566 1412 1631 Sanctarum
1446 1564 1551 1630 semi·

485 1671 584 1736 vivus
623 1669 749 1748 cecidit,
784 1675 819 1734 et
851 1670 886 1733 in
917 1669 1050 1734 domum
1085 1690 1179 1734 suam
1212 1668 1368 1755 pendulis
1398 1668 1549 1734 brachiis

485 1772 652 1858 bajulatus
683 1772 736 1836 die
765 1773 866 1837 tertia
898 1793 1026 1836 summo
1056 1789 1152 1836 mane
1183 1770 1416 1837 miserabiliter
1448 1771 1548 1857 expi-

486 1875 581 1940 ravit.
629 1875 750 1940 Ballivi
789 1895 918 1961 quoque
955 1874 1046 1940 villas
1083 1873 1249 1960 praedictae
1285 1873 1467 1939 remedium
1507 1874 1545 1936 in

486 1979 546 2042 lias
582 1983 675 2062 parte
712 1998 779 2042 non
809 1976 1011 2053 adhibentes,
1035 1977 1146 2059 dictos
1170 1977 1324 2041 occisores
1355 1997 1415 2062 per
1448 1976 1543 2040 vicos

485 2080 633 2144 incedere
656 2077 792 2164 publice,
814 2079 900 2144 sicut
921 2079 1050 2156 dicitur,
1075 2099 1165 2142 more
1193 2079 1291 2143 solito
1319 2079 1545 2164 colloquentes

486 2182 616 2260 cislem,
633 2183 857 2268 permiserunt,
873 2201 1042 2267 quousque
1056 2180 1164 2245 dictus
1178 2180 1314 2245 clericus
1336 2181 1543 2267 expirasset3

486 2289 520 2348 et
535 2289 616 2350 tunc
630 2284 759 2349 eosdem
776 2291 931 2348 nocentes
946 2283 988 2347 ad
1011 2281 1180 2348 eeclesiam
1202 2283 1293 2347 beati
1316 2281 1466 2359 Martini,
1482 2281 1543 2348 ubi

486 2387 576 2451 salvo
599 2391 735 2472 tuteque
757 2387 911 2466 resident,
933 2407 1008 2450 eum
1030 2385 1130 2450 armis
1158 2385 1394 2452 conduxerunt
1441 2386 1542 2472 Prop

486 2493 537 2554 ter
575 2511 648 2574 quae
672 2488 882 2555 Universitas
919 2488 1078 2574 praedicta
1115 2488 1230 2552 taliter
1273 2493 1324 2553 est
1368 2500 1538 2564 commota,

486 2591 574 2678 quod
596 2591 639 2654 ab
662 2591 812 2654 omnibus
835 2590 1011 2656 lectoribus
1033 2595 1103 2654 tam
1125 2591 1300 2654 ordinariis
1314 2613 1415 2676 quam
1430 2596 1538 2655 extru-

487 2693 660 2758 0rdinariis
691 2699 860 2770 cessantes,
881 2692 1079 2778 juraverunt
1100 2693 1197 2778 quod,
1219 2695 1255 2758 ni
1286 2699 1473 2779 competens
1501 2693 1537 2756 in

487 2795 547 2860 hac
580 2799 674 2882 parte
713 2795 860 2860 vindicta
894 2798 1051 2872 sumatur,
1089 2818 1163 2860 cum
1209 2795 1327 2882 saepius
1372 2795 1537 2860 consimile

487 2899 669 2984 contigerit,
697 2919 756 2963 nec
786 2897 954 2984 hucusque
976 2896 1182 2963 vindicatum
1211 2897 1323 2977 fuerit,
1354 2898 1489 2962 omnino
1516 2918 1537 2960 a

486 3001 596 3092 qtudio
635 2999 838 3066 Oxonienses
875 2999 1054 3078 recedent;
1091 3020 1150 3064 nec
1187 3000 1387 3086 permittunt
1424 3021 1536 3085 corpus

487 3101 568 3167 dieti
602 3102 709 3167 elerici
743 3101 920 3188 sepulturas
953 3100 1050 3178 tradi,
1074 3101 1131 3165 sed
1162 3101 1206 3165 ad
1238 3099 1339 3186 hujus
1370 3099 1452 3166 facti
1473 3123 1536 3166 me

485 3205 623 3270 moriam
672 3227 787 3291 corpus
830 3204 1042 3269 inhumatum
1085 3209 1264 3282 reservant,
1312 3224 1483 3290 quousque
1516 3227 1537 3268 a

487 3308 619 3374 domino
639 3329 715 3394 rege
737 3313 773 3372 et
795 3331 815 3372 a
836 3307 931 3372 nobis
953 3327 1144 3393 responsum
1166 3311 1317 3393 optatum
1339 3307 1526 3393 receperint

532 3409 578 3474 Et
601 3410 690 3496 quod
706 3410 770 3474 nisi
793 3409 834 3475 de
857 3408 999 3474 veritate
1021 3409 1120 3495 hujus
1134 3409 1214 3474 faeti
1227 3409 1324 3474 nobis
1346 3409 1438 3495 prius
1459 3409 1537 3496 legi·

318 3491 458 3600 ffiffi‘t'o
487 3511 568 3578 time
601 3517 776 3590 constaret,
813 3513 847 3577 in
880 3533 1053 3598 personam
1087 3511 1225 3598 alicujus
1256 3517 1316 3576 aut
1348 3512 1536 3576 comitatem

318 3618 460 3696 mescone
487 3619 610 3680 certam
647 3636 714 3679 non
752 3637 917 3702 possemus
954 3615 1236 3681 condemnationis
1272 3613 1412 3701 alicujus
1455 3615 1536 3679 fene

318 3687 468 3748 mmm*
486 3718 692 3796 sententiam,
726 3719 821 3784 vobis
855 3719 1056 3797 mandamus,
1091 3719 1247 3804 quatinus
1281 3719 1353 3784 sine
1389 3717 1537 3804 quolibet

486 3841 586 3887 morae
609 3819 779 3908 dispendio
809 3821 852 3886 ad
883 3820 999 3886 villam
1031 3821 1171 3887 Oxoniae
1201 3820 1419 3907 personaliter
1449 3842 1538 3886 acoe-

486 3925 610 4001 deutes,
632 3945 794 3988 summam
817 3924 1163 3990 excommunicationis
1184 3925 1221 3988 in
1243 3945 1361 4011 genere
1383 3925 1421 3988 in
1435 3925 1539 3988 omni-

485 4028 546 4092 bus
568 4031 603 4092 et
625 4025 764 4114 singulis
789 4027 930 4092 ecclesiis
953 4026 1100 4112 ejusdem
1115 4026 1214 4105 villae,
1230 4027 1375 4092 candelis
1396 4027 1538 4091 accensis

485 4135 519 4195 et
542 4129 681 4218 pulsatis
703 4129 880 4216 campanis,
903 4129 1092 4194 solemniter
1113 4134 1148 4195 et
1174 4130 1304 4216 publice
1337 4128 1539 4216 promulgari

485 4231 612 4297 faciatis
634 4231 671 4296 in
693 4253 805 4296 omnes
827 4231 909 4308 illos,
923 4231 981 4316 qui
1003 4253 1115 4318 pacem
1139 4231 1292 4297 Ecclesiae
1306 4236 1342 4297 et
1364 4229 1538 4296 Universi·

485 4335 566 4400 tatis
588 4334 754 4420 praedictae
776 4335 1015 4421 perturbantes,
1038 4333 1077 4398 in
1098 4334 1225 4400 dictum
1246 4333 1399 4400 clericum
1421 4355 1538 4398 manus

486 4436 649 4502 violentas
671 4437 862 4523 injecerunt,
886 4441 921 4501 et
943 4436 1028 4501 ictus
1050 4441 1085 4502 et
1106 4437 1219 4524 plagas
1253 4437 1409 4502 mortales
1430 4437 1534 4500 eidem

486 4537 679 4616 intulerunt,
702 4560 741 4604 ac
763 4561 866 4625 opem,
890 4539 1068 4618 consilium,
1092 4539 1246 4614 favorem,
1269 4544 1329 4604 aut
1344 4559 1536 4604 consensum

486 4646 555 4706 tam
589 4641 730 4706 enormis
767 4641 845 4706 facti
879 4643 1115 4728 perpetratioui
1149 4641 1403 4730 impenderunt3
1447 4652 1538 4728 post»

485 4745 619 4808 modum
665 4765 741 4809 vero
773 4747 948 4831 assumptis
992 4746 1160 4812 vobiscum
1204 4745 1286 4810 viris
1318 4746 1467 4810 discretis
1499 4767 1536 4809 ac
