3500 5784
680 895 857 945 arrsronm
1274 881 1295 947 7

248 1076 265 1103 “
289 1078 368 1148 arte,
391 1075 425 1138 et
447 1096 555 1139 aream
577 1074 614 1138 in
636 1096 751 1162 opere3
775 1097 849 1139 arra
872 1074 908 1138 in
931 1094 1027 1160 opere
1049 1092 1117 1137 non
1138 1074 1191 1136 est
1212 1070 1293 1141 vita,

248 1180 265 1207 “
289 1196 363 1239 area
383 1176 420 1239 in
442 1180 513 1241 rute
532 1178 603 1243 vita
625 1184 682 1244 est.
730 1178 816 1258 Quia
838 1176 927 1243 vivit
948 1176 1059 1241 anima
1080 1173 1215 1239 artificis
1236 1171 1295 1237 ubi

248 1282 266 1311 “
289 1284 368 1343 sunt
390 1278 454 1345 ista
476 1280 588 1345 omnia
604 1286 781 1367 antequam
796 1280 1013 1367 proferantur.
1044 1278 1099 1344 Sic
1113 1299 1199 1363 erge,
1216 1276 1295 1361 quia

247 1384 265 1417 ‘⁴
289 1381 450 1465 sapientia
472 1383 536 1447 Dei
558 1406 616 1469 per
638 1406 737 1469 qnam
760 1384 847 1449 laeta
870 1388 949 1448 sunt
972 1382 1091 1461 omnia,
1115 1379 1294 1445 seeundum

248 1488 263 1515 ‘¹
287 1487 392 1547 artem
414 1484 562 1551 eontinet
585 1487 702 1564 omnia,
718 1490 898 1572 antequam
912 1485 1050 1551 sabridet
1060 1508 1070 1565 ;
1092 1483 1204 1549 omnia
1225 1480 1295 1547 haec

249 1594 264 1619 ‘¹
287 1606 361 1669 quae
383 1590 463 1651 sunt
484 1609 543 1674 per
563 1578 663 1654 istam
685 1593 798 1667 artem,
823 1609 892 1653 non
918 1588 1075 1654 continuo
1100 1586 1173 1651 vita
1195 1588 1295 1663 sunt3

248 1688 345 1752 “sed
378 1689 534 1775 quiequid
565 1691 690 1757 factum
721 1697 780 1772 est,
802 1691 876 1757 vita
907 1695 957 1757 est
988 1691 1026 1755 in
1050 1690 1114 1755 illo.
1161 1687 1295 1751 Terram

249 1797 266 1823 ‘¹
287 1790 406 1871 uides3
429 1793 538 1857 estin
560 1800 632 1859 arte
654 1799 749 1860 terra.
796 1794 923 1859 Oaelum
946 1794 1059 1873 vides;
1092 1792 1201 1857 estin
1223 1796 1294 1855 arte

248 1899 266 1927 “
288 1893 410 1959 eaelum.
458 1894 568 1961 Solem
586 1901 620 1961 et
639 1896 753 1962 lunam
774 1896 889 1979 vides,
912 1901 991 1961 sunt
1012 1902 1047 1961 et
1068 1896 1135 1961 ista
1156 1895 1193 1958 in
1215 1898 1293 1971 arte,

249 2002 267 2029 “
288 1997 345 2061 sed
367 1996 445 2077 foris
466 2019 601 2086 corpora
622 2005 708 2077 sunt,
724 2001 761 2065 in
783 2005 853 2065 arte
869 2001 941 2066 vita
955 1998 1061 2065 sunt.”
1084 1997 1138 2061 Ex
1152 1998 1205 2061 his
1219 2018 1295 2060 auem

247 2099 440 2167 tentatibus
471 2101 647 2189 diligenter
678 2104 833 2189 inspeetis
855 2108 891 2168 et
921 2102 964 2167 ad
993 2102 1135 2167 invicem
1157 2098 1293 2179 collatis,

247 2202 313 2267 seio
349 2205 560 2289 prudentiam
597 2210 689 2272 tuam
734 2206 828 2272 facile
864 2210 1098 2292 percepturam,
1137 2208 1295 2269 aeternam

248 2304 311 2369 Dei
348 2308 545 2393 sapientiem
582 2309 628 2375 sie
664 2331 734 2375 esse
771 2308 910 2373 formam
942 2308 1097 2386 omnium,
1136 2306 1229 2371 velut
1266 2304 1296 2369 si

247 2406 456 2494 imagineris¹
496 2412 635 2499 lignem
672 2410 771 2498 sigilli
814 2411 962 2498 argentei
1005 2432 1074 2477 esse
1110 2408 1218 2475 vitam
1262 2413 1297 2473 et

247 2508 500 2597 intelligentiam
522 2514 763 2601 intelligentem
786 2536 820 2579 se
842 2514 1074 2600 volentemque
1092 2510 1239 2599 fingere²
1252 2511 1296 2575 ad

248 2612 299 2677 sni
332 2615 554 2683 imitationem
597 2622 631 2683 et
674 2617 934 2698 similitudinem,
978 2614 1108 2703 majns³
1145 2615 1297 2680 minusve

249 2737 433 2801 expressam
461 2740 568 2785 aeram
598 2720 744 2799 fluidam,
771 2742 839 2785 non
872 2725 1042 2807 potentem
1056 2769 1059 2775 ,
1073 2740 1133 2805 per
1163 2740 1198 2785 aa
1223 2740 1296 2804 per-

248 2820 402 2887 manere⁴
422 2822 460 2888 in
481 2822 592 2909 aliqua
614 2822 811 2910 figuratione
833 2828 970 2910 reuepta,
986 2823 1122 2909 ipsaque
1144 2820 1206 2886 hae
1227 2820 1297 2885 sola

248 2921 418 2990 voluntate
441 2926 613 2991 informem
644 2932 678 2993 et
709 2926 846 2992 fluidam
869 2943 982 2992 aeram*
999 2922 1042 2991 ad
1063 2948 1098 2990 se
1119 2929 1296 3002 revocaret,

247 3024 373 3112 sibique
404 3028 590 3114 applicaret,
614 3032 649 3093 et
681 3030 725 3093 ad
757 3052 791 3095 se
823 3029 1006 3095 reverando
1037 3028 1167 3113 sibique
1191 3027 1296 3114 appli-

247 3129 358 3207 cando,
394 3150 454 3195 sua
488 3130 704 3196 similitudine
744 3132 913 3217 aliquanta
943 3130 1155 3219 imprimeret,
1178 3134 1214 3195 et
1238 3126 1298 3194 in⁶

247 3230 404 3317 impressa
435 3233 652 3301 similitudine
687 3240 833 3301 servaret
845 3260 866 3316 ;·
890 3235 937 3300 sie
968 3236 1106 3320 inquam
1139 3233 1297 3320 percipies

248 3355 291 3399 ex
308 3334 379 3419 jam
402 3335 506 3417 dictis,
531 3342 688 3403 aeternam
715 3338 824 3403 Patris
846 3336 1043 3425 sapientiam
1068 3358 1137 3402 esse
1158 3336 1297 3401 formam

248 3438 403 3519 omnium,
443 3439 527 3505 sieut
560 3440 637 3519 talis
675 3440 782 3528 figura
815 3441 915 3527 sigilli
952 3440 1107 3527 argentei,
1141 3439 1171 3505 si
1204 3443 1296 3516 esset,

248 3539 354 3605 esset⁰
391 3540 494 3607 forma
531 3564 613 3609 eerae
658 3566 717 3609 sua
754 3542 970 3609 similitudine
1007 3542 1163 3631 praedicto
1199 3542 1299 3607 modo

248 3642 419 3729 impressae.
465 3644 543 3711 Non
576 3650 690 3711 tamen
720 3645 804 3712 hane
838 3645 1089 3711 similitudinem
1123 3645 1164 3711 de
1200 3645 1298 3709 modo

249 3766 313 3830 quo
347 3745 438 3813 Deus
475 3753 526 3813 est
562 3747 667 3813 forma
701 3749 854 3827 omnium,
890 3748 977 3814 sieut
1013 3771 1073 3815 nee
1110 3747 1299 3835 supradicta

248 3848 357 3931 attuli,
404 3850 488 3916 sieut
533 3872 765 3937 usquequaque
803 3872 981 3939 congnram
1023 3850 1145 3917 divinae
1192 3851 1298 3917 exeel·

247 3948 381 4031 lentiae;
404 3953 481 4038 qnia
515 3952 600 4019 sieut
633 3960 784 4019 ereatura
816 3954 887 4041 ejus
920 3954 1174 4021 similitudinem
1196 3953 1297 4020 etiam

246 4074 315 4119 non
345 4060 454 4142 potest
486 4054 627 4142 perfecte
658 4058 849 4144 exprimere,
885 4057 932 4123 eie
969 4079 1029 4123 nee
1063 4080 1155 4123 mens
1188 4064 1298 4125 ereata

246 4159 368 4241 poterit
400 4158 525 4245 aliquid
562 4159 702 4247 perfecte
735 4167 769 4227 et
800 4162 831 4226 ei
866 4182 909 4227 ex
943 4162 1033 4228 omni
1066 4168 1160 4250 parte
1191 4162 1297 4228 simile

247 4260 377 4347 fingere.

253 4438 259 4443 .
274 4438 369 4445 -—---.
618 4440 624 4447 .
637 4440 750 4447 ..ι-...ιω
758 4440 1286 4451 -.ῌιι---ῌ---ω-...μ--ι-..η

285 4539 461 4609 'imaginem
530 4545 720 4613 ymaginareris,
832 4549 841 4577 ⁴
853 4548 1009 4616 permanere]
1052 4563 1160 4614 manere,
1196 4547 1295 4613 (tc-C„

248 4626 408 4773 0ῗὲὲὲιῖἲὰ
426 4707 542 4773 figurare,
555 4708 654 4771 G.C.G.‚
666 4707 715 4761 Ox.
800 4628 896 4774 Opia]
914 4724 962 4760 nm.
975 4708 1035 4771 siu,
1047 4709 1096 4761 Ox.

281 4788 292 4816 ³
308 4784 398 4853 majus]
416 4788 505 4853 magis,
516 4789 576 4851 Sld,
588 4788 638 4840 Ox.
830 4790 840 4817 ⁶
854 4790 926 4867 estet]
946 4804 995 4838 em.
1007 4790 1099 4842 C.C.C.·
