3500 5784
486 833 551 898 258
811 847 959 898 acnuam
979 845 1209 898 oaossrmsru

485 1029 505 1058 “
526 1020 659 1106 utrique
680 1020 769 1109 parti
790 1021 982 1108 privilegiis,
1005 1020 1230 1109 indulgentiis,
1252 1025 1287 1086 et
1316 1017 1529 1086 concessioni-

486 1132 505 1162 “
529 1124 592 1192 bus
628 1123 755 1190 domini
784 1123 894 1212 Papus,
930 1129 967 1190 et
1002 1124 1077 1189 aliis
1113 1121 1340 1190 instrumentis
1377 1121 1530 1189 valituris

485 1227 663 1314 “utrique
698 1227 787 1314 parti
823 1227 911 1314 quod
946 1226 990 1292 de
1020 1227 1097 1312 jure
1130 1225 1240 1292 valere
1273 1219 1458 1306 debebunt3
1494 1229 1531 1289 et

485 1337 504 1366 ‘¹
524 1335 606 1394 tune
626 1327 723 1416 plene
743 1327 932 1395 examinato
953 1329 1094 1416 negotio,
1117 1327 1333 1394 amicabiliter
1353 1330 1531 1414 componat

486 1440 503 1470 “
524 1431 612 1497 inter
632 1435 742 1518 partes
763 1431 792 1498 si
813 1431 934 1518 possit:
964 1431 1112 1518 alioquin
1136 1451 1268 1496 causam
1289 1428 1530 1497 sententialiter

485 1541 504 1572 “
526 1532 674 1613 diffiniat,
706 1532 761 1600 vel
796 1533 936 1598 eandam
972 1533 1067 1620 plene
1108 1533 1303 1599 instructam
1339 1532 1383 1598 ad
1419 1531 1530 1598 sedem

486 1644 502 1671 “
524 1635 746 1722 Apostolicam
768 1635 885 1702 mittat
907 1635 1176 1703 terminandam”

529 1737 680 1804 Secunde
713 1741 825 1805 autem
861 1739 967 1806 forma
1002 1743 1054 1804 est
1078 1739 1158 1820 haec,
1190 1736 1343 1805 similiter
1378 1736 1441 1804 snb
1477 1735 1530 1801 his

483 1840 593 1907 verbis
614 1840 736 1926 scripta
756 1845 792 1908 et
813 1840 860 1907 eis
880 1841 1013 1908 tradita

318 1957 367 2010 His
378 1958 469 2010 εεωῃᾱ
531 1947 551 1978 “
572 1939 711 2010 Paratus
733 1947 785 2009 est
797 1943 965 2031 episcopus
985 1965 1054 2010 una
1069 1943 1238 2010 vobiscum
1258 1941 1530 2010 consultationem

318 2026 439 2089 proponat.
488 2051 506 2080 “
527 2043 631 2110 facere
652 2045 795 2112 domino¹
809 2043 910 2133 Papae
937 2067 1036 2133 super
1057 2046 1208 2113 omnibus
1237 2046 1378 2133 querelis
1399 2045 1526 2112 contin-

486 2145 679 2232 “gentibus
708 2147 981 2233 jurisdictionem,
1003 2149 1241 2227 auctoritatem,
1264 2148 1469 2236 dignitatem,
1490 2149 1527 2210 et

483 2254 503 2284 “
524 2247 667 2314 officium
697 2250 876 2337 episcopale
909 2251 1008 2317 motis
1040 2255 1076 2317 ct
1107 2251 1286 2330 movendis,
1318 2255 1390 2316 tam
1431 2269 1527 2335 super

481 2357 500 2386 “
521 2351 721 2437 possessione
736 2374 833 2438 quam
849 2373 947 2440 super
960 2353 1168 2441 proprietate,
1183 2353 1392 2440 interipsum
1413 2357 1448 2418 et
1458 2374 1525 2432 vos,

481 2460 498 2486 “
519 2474 647 2520 necnon
669 2476 765 2541 super
787 2454 1005 2536 libertatibus,
1024 2455 1163 2542 juribus,
1179 2460 1215 2521 et
1236 2454 1526 2521 consuetudinibus

479 2561 498 2590 “
519 2577 601 2641 quas
633 2577 693 2622 vos
726 2557 927 2623 contenditis
956 2555 1084 2637 habere,
1108 2557 1204 2645 plena
1231 2557 1420 2624 narratione
1448 2555 1526 2620 hinc

479 2664 498 2692 “
518 2657 597 2724 inde
632 2659 721 2725 facta
764 2663 798 2725 et
842 2659 887 2724 ad
931 2659 1102 2726 dominum
1131 2659 1255 2746 Papam
1295 2681 1355 2747 per
1390 2658 1526 2724 nuncios

478 2761 671 2846 “speciales
692 2759 893 2841 transmissa,
915 2766 955 2827 ut
983 2783 1080 2850 super
1102 2761 1155 2828 his
1178 2784 1253 2848 quse
1285 2761 1322 2828 in
1350 2761 1427 2847 juro
1447 2783 1525 2827 con·

479 2868 497 2896 “
518 2862 649 2941 sistunt,
672 2867 708 2927 et
729 2857 827 2950 supc'r
848 2863 901 2929 his
922 2884 996 2950 quse
1017 2862 1070 2928 in¹
1093 2863 1187 2942 facto,
1210 2847 1396 2950 inquibus
1416 2869 1526 2953 partes

478 2969 496 2998 ⁴‘
518 2965 797 3046 concordaverint,
828 2989 849 3032 a
871 2966 1004 3032 dominc
1027 2965 1118 3054 Papa
1139 2988 1318 3054 congruum
1348 2967 1526 3055 recipiatur

478 3070 716 3154 “responsum
751 3067 863 3154 sique
885 3088 963 3134 vero
995 3068 1032 3132 in
1065 3069 1153 3135 facto
1176 3069 1358 3134 consistant
1390 3069 1428 3134 in
1459 3089 1526 3154 quc

480 3167 566 3232 “sit
596 3169 763 3235 contentio
800 3171 889 3236 inter
923 3192 987 3247 ecs,
1025 3191 1084 3258 per
1120 3171 1209 3239 viros
1244 3171 1379 3237 idoneos
1416 3171 1527 3236 neutri

479 3273 498 3304 “
519 3270 607 3356 parti
628 3275 792 3359 suspectos
814 3273 1032 3339 communiter
1054 3273 1180 3354 electos,
1203 3278 1239 3340 ct
1263 3272 1526 3360 jurisdictionem

479 3377 498 3406 “
519 3377 554 3437 et
585 3373 782 3440 coertionem
813 3374 981 3457 habentes,
1011 3380 1113 3442 testes
1143 3381 1179 3442 et
1211 3375 1285 3442 alise
1317 3375 1527 3462 probationes

479 3479 499 3508 “
519 3473 721 3561 recipiantur
764 3481 798 3543 et
842 3477 1060 3565 publicentur,
1096 3481 1132 3544 et
1175 3476 1262 3543 bota
1304 3477 1526 3572 publicatione

479 3579 748 3644 “attestationes
785 3599 859 3646 cum
897 3581 1025 3649 oaeteris
1060 3580 1309 3668 probationibus
1345 3602 1413 3645 una
1449 3601 1525 3645 cum

478 3685 495 3714 ‘⁴
517 3680 674 3765 praedicta
688 3681 929 3748 consultatione
950 3683 994 3748 ad
1012 3683 1181 3749 dominum
1195 3682 1320 3770 Papam
1334 3683 1523 3761 mittantur,

479 3785 498 3818 “
519 3786 560 3848 ut
581 3804 678 3870 super
699 3783 850 3850 omnibus
880 3784 1053 3872 praedictis,
1077 3785 1166 3871 quod
1197 3785 1263 3851 sibi
1296 3785 1404 3850 visum
1424 3783 1526 3850 luerit

478 3889 498 3920 “
518 3885 730 3971 respondeat3
753 3886 806 3953 vel
839 3886 868 3953 si
891 3889 999 3974 placet
1020 3887 1075 3969 eis,
1098 3889 1206 3974 quoad
1227 3889 1383 3954 ultimum
1402 3885 1526 3952 articu-

480 3993 498 4022 “
519 3984 598 4068 lum,
631 3986 784 4054 dominus
814 3987 905 4078 Papa
937 3990 996 4056 det
1027 3991 1267 4057 examinatores
1303 3991 1341 4056 in
1376 3989 1526 4078 partibus

479 4093 498 4124 “
519 4089 660 4176 Angliae,
684 4091 742 4177 qui
774 4091 900 4158 dictum
931 4093 1108 4181 negotium,
1141 4098 1182 4160 ut
1211 4093 1435 4182 supradictum
1464 4097 1524 4170 est,

480 4197 498 4226 “
519 4189 697 4272 instruant,
721 4198 756 4260 et
777 4194 976 4262 instructam
998 4196 1042 4260 ad
1063 4195 1186 4262 curiam
1207 4193 1413 4262 remittant.”

522 4293 589 4360 Sed
625 4300 743 4362 neutra
772 4297 911 4363 istarum
955 4298 1134 4364 formarum
1173 4299 1216 4365 ab
1258 4300 1306 4365 eis
1347 4301 1522 4385 accepera,

479 4395 614 4464 tandem
637 4397 849 4467 condescendi
870 4401 914 4467 ad
936 4402 1068 4467 tertiam
1090 4401 1228 4467 formam
1242 4422 1317 4487 quae
1338 4401 1525 4488 subscripta

861 4727 869 4764 ¹
886 4727 978 4787 ΟΜ.
987 4737 1084 4798 repcats
1094 4732 1128 4785 ia.
