3500 5784
506 812 528 876 4
823 826 970 877 acnuam
991 826 1222 877 caussa-ruera

505 1004 610 1072 fonua
644 1005 885 1084 formosissima,
912 1010 947 1071 et
977 1006 1099 1093 species
1131 1004 1373 1092 speciosissima
1418 1005 1549 1073 Dicitur

506 1108 602 1175 homo
623 1108 790 1191 formosus,
814 1115 849 1175 et
880 1108 991 1173 anima
1017 1108 1165 1186 formosa,
1196 1114 1231 1175 et
1253 1108 1370 1175 domus
1401 1108 1549 1189 formosa,

506 1218 541 1277 et
562 1213 705 1279 mundus
735 1213 903 1292 formosus,
925 1210 1103 1277 formosum
1134 1210 1204 1290 hoc,
1236 1210 1413 1277 formosum
1444 1212 1549 1292 illud;

505 1316 584 1381 tolle
617 1316 677 1382 hoc
710 1321 744 1383 ct
777 1315 868 1393 illud,
892 1320 926 1381 ct
947 1314 1024 1379 vide
1055 1314 1163 1401 ipsum
1188 1313 1373 1392 formosum,
1396 1314 1426 1381 si
1447 1318 1549 1402 poles

506 1416 560 1483 Itu
583 1418 689 1483 Deum
711 1418 839 1483 videbis
860 1439 929 1483 non
950 1416 1017 1481 alia
1038 1416 1144 1482 formu
1157 1416 1343 1497 formosum,
1365 1418 1548 1504 sedipsam

339 1536 446 1603 sang.
461 1522 738 1593 deformcsitatem
761 1521 866 1587 omnis
895 1519 1036 1586 formosi.
1082 1518 1197 1586 “Cum
1229 1518 1352 1600 audis,”
1379 1519 1471 1586 Deus
1500 1526 1550 1586 est

338 1604 483 1736 Ξζζῃιζζὼ·
502 1624 616 1705 forms,
639 1626 692 1693 vel
714 1624 907 1701 formositas,
931 1624 1015 1689 siout
1036 1627 1071 1688 et
1103 1622 1263 1703 “veritus,
1286 1623 1353 1688 noli
1376 1623 1548 1709 quaerere”

338 1740 402 1801 opp.
411 1708 464 1789 viii'.
503 1729 583 1815 quid
606 1729 650 1794 sit
671 1727 862 1809 formositas,
886 1728 972 1793 sicut
993 1746 1053 1791 nec
1076 1724 1185 1813 “quid
1206 1726 1252 1791 sit
1269 1726 1412 1807 veritas;
1434 1727 1547 1793 statim

337 1818 360 1867 p.
373 1808 430 1855 ⁸⁶⁶'
504 1838 523 1868 “
545 1832 632 1897 enim
655 1854 688 1897 se
711 1827 901 1918 opponent¹
925 1828 1078 1915 caligines
1102 1828 1284 1917 imaginum
1305 1829 1548 1915 corporalium,'¹

503 1941 541 2002 ut
567 1936 615 2001 ait
645 1934 851 2021 Augustinus
880 1933 916 1997 iu
944 1931 1031 1997 libro
1060 1936 1175 1997 octavo
1205 1932 1247 1997 de
1275 1931 1448 2011 Trinitate,
1483 1942 1501 1969 ‘⁴
1515 1938 1549 1998 et

503 2047 520 2075 “
542 2038 657 2105 nubila
678 2039 955 2125 phantasmatum,
977 2040 1013 2100 et
1042 2034 1313 2122 perturbabunt⁹
1338 2037 1547 2103 serenitatem

504 2152 522 2180 “
544 2166 617 2229 quae
639 2142 744 2229 primo
775 2141 844 2205 ictu
867 2138 991 2205 diluxit
1013 2138 1087 2219 tibi,
1110 2160 1183 2205 cum
1213 2140 1376 2206 diceretur
1395 2141 1546 2206 veritas”

500 2247 555 2311 vel
587 2244 779 2311 formositas„
841 2248 859 2279 “
875 2242 958 2307 Ecce
991 2242 1027 2306 iu
1063 2242 1170 2328 primo
1207 2242 1286 2323 ictu,
1324 2244 1412 2330 quo⁸
1452 2246 1547 2311 velut

502 2356 519 2387 “
541 2348 761 2416 coruscatione
783 2342 1040 2433 perstringeris⁴,
1063 2366 1139 2410 cum
1161 2345 1282 2412 dicitur
1311 2346 1462 2412 veritas''
1491 2349 1548 2414 vel

501 2454 693 2529 formositas,
719 2456 842 2515 “mune
865 2447 895 2511 si
917 2452 1030 2533 potcs3
1060 2446 1090 2511 si
1115 2469 1182 2513 non
1204 2453 1305 2536 potes,
1328 2449 1483 2516 relaberis
1509 2452 1546 2516 in

500 2564 518 2593 “
539 2558 604 2621 ista
625 2554 722 2619 solitu
736 2556 835 2639 atque
847 2548 1006 2617 terrena.”
1050 2550 1132 2616 Ecce
1146 2550 1208 2617 hoc
1229 2552 1326 2618 modo
1341 2552 1433 2619 Deus
1452 2552 1545 2621 adse

498 2658 602 2725 formu
624 2663 682 2735 est,
707 2662 741 2721 et
764 2654 893 2721 dicitur.
939 2652 991 2719 Ut
1012 2657 1126 2718 autem
1147 2654 1256 2740 aliquo
1278 2655 1375 2720 modo
1390 2655 1546 2723 clarescat

497 2760 658 2851 quomodo
681 2760 750 2846 ipse
772 2757 816 2824 sit
842 2756 947 2822 forma
968 2760 1189 2821 creaturarum
1215 2757 1293 2839 (uon
1315 2758 1403 2823 enim
1424 2759 1472 2825 sic
1492 2766 1544 2825 est

496 2887 606 2929 earum
628 2862 740 2938 forma,
756 2860 849 2925 velut
871 2881 946 2947 pars
961 2880 1071 2923 carum
1095 2858 1322 2925 substantialis
1336 2861 1542 2948 completiva,

497 2990 539 3033 ex
554 2988 619 3053 quc
634 2970 668 3030 et
683 2962 823 3029 materia
836 2962 876 3027 fit
891 2961 1017 3048 aliquid
1031 2963 1159 3048 uuum),
1175 2962 1431 3049 significationes
1446 2964 1543 3051 hujus

495 3068 637 3134 nominis
662 3067 781 3153 sot-ma
803 3064 1010 3151 aliquatenus
1041 3069 1120 3130 sunt
1144 3064 1354 3152 explicandae.
1411 3065 1544 3133 Dicitur

495 3173 607 3259 itaque
629 3170 733 3237 foruna
755 3166 930 3255 exemplar,
953 3167 998 3233 ad
1019 3167 1109 3254 quod
1131 3168 1263 3256 respicit
1284 3169 1413 3249 artifex,
1436 3176 1478 3235 ut
1499 3172 1543 3237 ad

495 3275 565 3360 ejus
587 3274 806 3339 imitationem
839 3276 874 3337 st
906 3270 1158 3336 similitudinem
1181 3270 1298 3336 formet
1320 3294 1415 3338 suum
1438 3275 1542 3339 artifi-

495 3378 590 3443 cium.
636 3374 691 3441 Sic
729 3396 784 3462 pos
816 3372 953 3460 ligneus,
988 3372 1032 3439 ad
1069 3394 1165 3459 quem
1202 3374 1333 3461 respicit
1363 3380 1463 3454 sutor,
1502 3383 1542 3443 ut

495 3478 672 3545 secundum
708 3477 816 3565 ipsum
847 3475 966 3541 formet
992 3476 1120 3553 soleam,
1154 3476 1275 3542 dicitur
1299 3476 1405 3543 forma
1437 3480 1541 3548 solcae.

496 3582 551 3647 Sic
583 3580 684 3647 etiam
706 3579 778 3645 vita
811 3578 971 3645 bonorum
997 3577 1040 3645 ad
1071 3599 1169 3663 quam
1201 3578 1398 3665 respicimus,
1426 3589 1466 3648 ut
1498 3583 1541 3648 ad

496 3685 566 3769 cius
611 3680 861 3747 similitudinem
906 3702 1011 3747 mores
1048 3680 1129 3747 vitae
1173 3686 1295 3748 nostras
1338 3682 1539 3764 formemus⁵,

496 3788 617 3853 dicitur
649 3786 745 3853 nobis
778 3784 884 3849 forma
915 3783 1059 3849 vivendi.
1105 3783 1236 3851 Dicitur
1266 3806 1395 3872 quoque
1428 3787 1539 3867 forma,

495 3890 547 3954 cui
569 3888 707 3954 materia
729 3887 900 3955 formanda
922 3886 1116 3973 applicatur,
1140 3892 1174 3952 et
1204 3910 1264 3974 per
1289 3888 1538 3975 applicationem

495 3992 535 4056 ad
559 3990 651 4068 illud,
676 3990 792 4077 recipit
813 3990 952 4055 formam
975 3990 1089 4068 illius⁰,
1106 3989 1198 4075 cujus
1220 3991 1413 4078 applicatur,
1430 3993 1540 4059 imita-

494 4094 619 4160 torium.
667 4093 720 4159 Sic
752 4092 890 4157 dicimus
923 4092 963 4157 de
994 4092 1102 4179 sigillo
1133 4099 1296 4181 argenteo,
1320 4095 1408 4181 quod
1430 4096 1537 4182 ipsum

493 4204 549 4271 est¹
574 4198 679 4261 forma
710 4194 809 4282 sigilli
840 4194 946 4276 ccrei3
967 4201 1002 4261 et
1033 4196 1073 4260 de
1104 4196 1220 4283 argilla
1240 4197 1278 4261 in
1299 4219 1365 4283 qua
1386 4196 1539 4265 funditur

539 4371 838 4379 ffl———fi-
846 4372 895 4377 ---
924 4372 934 4376 -
951 4370 1256 4377 ---—---.—---.—-

524 4482 531 4512 ¹
550 4479 680 4546 opponent]
699 4485 833 4544 opponunt,
849 4477 902 4529 sio
1072 4480 1280 4546 ‘perstrinperiq
1348 4483 1537 4549 praettriugeris,

520 4602 959 4669 rperturbubuni]perturbanl,sl(l.
1039 4560 1235 4705 Slfflfmu]
1254 4639 1424 4701 pommus,
1436 4640 1524 4693 000·

523 4725 602 4794 'puo]
621 4741 669 4777 om.
683 4724 744 4787 siu,
756 4722 845 4779 Qec.
1070 4722 1081 4749 ³
1096 4716 1175 4786 illius]
1194 4718 1452 4785 ipsim,c.c.c.,01.
