3500 5784
407 832 450 895 tt
734 844 881 895 noemin
903 842 1134 894 orossmmrn

406 1023 526 1105 preter
572 1018 781 1105 praebendam
827 1039 927 1103 quam
971 1008 1077 1082 habeo
1123 1017 1160 1081 in
1204 1015 1340 1082 ecclesia
1378 1014 1457 1079 Lin-

406 1120 569 1185 colniensi.
630 1119 701 1185 Nec
723 1124 766 1199 te,
790 1141 865 1205 quse
887 1118 1054 1205 religionis
1083 1117 1170 1204 geris
1198 1117 1359 1195 habitum,
1382 1116 1458 1181 reii-

407 1222 578 1307 gionisque
601 1220 771 1287 servandse
791 1219 930 1287 emisisti
950 1226 1075 1298 votum,
1092 1229 1226 1285 moveat
1245 1219 1457 1305 aliquatenus

406 1328 466 1388 aut
488 1322 670 1401 contristet,
695 1324 723 1387 si
753 1326 933 1409 spontanee
959 1320 1067 1385 factus
1088 1342 1162 1386 sum
1185 1320 1369 1407 pauperior,
1393 1318 1455 1383 ut¹

406 1424 586 1489 virtutibus
619 1424 697 1488 fiam
733 1422 834 1489 ditior
846 1447 854 1502 ;
884 1423 913 1487 si
947 1423 1072 1487 mundo
1105 1422 1169 1487 sim
1201 1421 1393 1508 despectior,
1417 1426 1457 1487 ut

407 1525 477 1591 caeli
500 1525 628 1591 civibus
650 1525 712 1591 sim
734 1526 918 1612 acceptior;
941 1523 970 1588 si
993 1528 1127 1610 propter
1156 1524 1283 1589 bonum
1305 1523 1457 1588 obedien-

406 1628 464 1693 tise
486 1626 605 1713 reliqui
626 1626 779 1711 quaedam
801 1625 1005 1712 temporalia,
1036 1646 1112 1689 cum
1138 1624 1231 1690 nulla
1262 1626 1370 1689 virtus
1392 1624 1458 1689 nisi

406 1750 464 1815 per
484 1728 704 1793 obedientiam
720 1731 885 1793 mercetur
907 1726 1059 1793 caelestia
1105 1725 1216 1792 Debes
1230 1726 1319 1792 enim
1334 1726 1457 1791 bonum

406 1831 496 1917 quod
517 1852 609 1896 amas
631 1830 668 1895 in
691 1834 733 1910 te,
754 1834 849 1895 tanto
873 1830 1044 1895 ardentius
1064 1850 1174 1893 amare
1195 1829 1232 1894 in
1254 1849 1315 1906 me,
1332 1832 1457 1914 quanto

407 1932 645 2019 conjunctiores
667 1952 780 1996 sumus
811 1932 918 1997 carnis
947 1930 1170 2017 proximitate.
1215 1930 1320 1995 Arnas
1345 1935 1457 1995 autem

407 2036 444 2099 in
481 2034 595 2119 teipsa,
634 2039 674 2098 ut
711 2054 813 2119 spero,
852 2032 941 2097 bone
977 2053 1066 2097 verse
1103 2030 1298 2117 religionis;
1334 2032 1457 2097 veritas

408 2140 520 2201 autem
551 2134 718 2221 religionis
749 2134 870 2199 nititur
903 2133 1148 2220 apprehendere
1181 2133 1311 2199 culmen
1336 2132 1457 2219 perseo·

407 2237 509 2303 tionis
530 2243 570 2301 ut
595 2237 666 2322 jam
689 2236 781 2300 nulla
810 2236 898 2300 male
926 2235 1087 2321 proximis
1116 2235 1248 2321 irroget,
1272 2236 1416 2321 irrogato
1437 2260 1458 2299 a

408 2339 566 2425 proximis
588 2336 819 2423 aequanimiter
844 2342 979 2424 portet;
1002 2336 1140 2422 objectis
1169 2336 1265 2402 bonis
1294 2342 1457 2424 temporo·

407 2442 494 2506 libus
531 2462 741 2526 nequaquam
778 2444 924 2504 mentem
958 2440 1078 2505 lsetitin
1115 2438 1245 2519 solvat3
1282 2439 1458 2505 subtractis
1486 2432 1492 2445 '

409 2543 530 2607 eisdem
553 2563 618 2607 non
641 2542 744 2607 nimio
759 2546 819 2605 aut
833 2541 968 2606 omnino
990 2541 1082 2607 nullo
1104 2563 1244 2607 moerore
1265 2564 1301 2607 sc
1322 2541 1458 2623 afficiat;

409 2666 518 2709 rerum
541 2642 779 2731 corporalium²
801 2642 935 2707 umbras
956 2664 1167 2729 nequaquam
1196 2664 1306 2708 secum
1336 2643 1456 2722 trahat,

410 2750 444 2811 et
481 2745 617 2810 fortasse
655 2749 778 2810 tractas
814 2766 916 2809 manu
949 2744 1155 2810 discretionis
1188 2745 1310 2830 abigat
1358 2744 1459 2817 Abre-

410 2848 546 2913 nunciat
569 2848 656 2913 enim
671 2846 796 2911 mundo
811 2866 891 2911 vere
911 2844 1034 2931 religio,
1053 2846 1157 2930 juxta
1170 2866 1284 2910 vocem
1299 2846 1457 2924 veritatis,

243 2962 269 3015 s.
275 2963 336 3015 Luc.
343 2963 396 3015 xiv.
410 2950 549 3015 dicentis
563 2972 569 3012 ε
594 2946 678 3013 Nisi
700 2946 780 3033 quis
801 2945 1061 3013 renunciaverit
1083 2946 1245 3013 omnibus
1262 2968 1338 3033 quoe
1348 2948 1459 3033 possi·

242 3035 283 3081 ³³·
410 3050 472 3127 det,
496 3072 570 3115 noc
596 3056 704 3135 potest
734 3070 832 3115 rocus
865 3069 932 3113 esse
963 3047 1168 3135 discipulus.
1215 3049 1262 3113 Et
1291 3050 1377 3114 sicut
1410 3051 1458 3115 nit

243 3156 358 3271 {erog
409 3153 526 3217 beatus
560 3151 757 3237 Gregorius:
794 3150 895 3215 “Piae
927 3155 1055 3215 mentes
1087 3150 1158 3216 haeo
1191 3150 1392 3237 temporalia,
1424 3158 1459 3217 ot

240 3224 388 3341 iffi}
411 3260 429 3289 “
451 3274 526 3319 cum
560 3254 686 3331 desunt,
710 3273 778 3317 non
812 3255 973 3337 queenmt,
1001 3256 1036 3318 et
1068 3252 1216 3338 graviter
1249 3253 1350 3317 etiam
1383 3275 1459 3317 cum

242 3360 318 3433 ᾅδω·
334 3361 397 3416 14⁷³
411 3364 427 3390 “
451 3355 581 3434 adsunt,
605 3355 726 3435 ferunt,
751 3354 829 3438 quis
850 3375 909 3440 per
931 3354 1132 3419 exteriorum
1154 3375 1247 3419 curas
1268 3377 1290 3419 a
1311 3375 1346 3419 se
1369 3356 1458 3419 exire

243 3426 428 3551 ilrii'vffisss‘
449 3460 691 3545 pertimescunt
737 3456 813 3521 Nisi
835 3457 924 3521 enim
946 3476 1039 3519 mens
1061 3456 1104 3521 ab
1126 3456 1344 3521 exterioribus
1374 3456 1458 3521 desi-

242 3568 267 3617 1>-
282 3558 336 3605 154·
411 3567 428 3594 “
451 3560 548 3625 deriis
570 3581 604 3624 se
626 3558 813 3635 abscondat,
836 3557 970 3622 interna
991 3578 1058 3621 non
1080 3560 1233 3642 penetrat
1245 3580 1254 3636 ;
1280 3558 1458 3641 nequead

410 3670 428 3697 “
451 3660 700 3748 contemplenda
732 3660 865 3724 interna
894 3658 1092 3744 perducitur,
1126 3658 1192 3723 nisi
1223 3659 1265 3723 ab
1299 3657 1350 3723 his
1383 3681 1458 3744 quae

410 3764 595 3829 “exterius
638 3761 817 3847 implicant,
864 3760 1009 3825 studiose
1063 3758 1304 3824 subtrahatur.''
1373 3759 1457 3825 Cum

409 3866 511 3953 igitur
533 3869 571 3930 tu
590 3863 782 3950 religionem
811 3862 962 3948 professa,
985 3860 1056 3926 haec
1086 3866 1121 3927 et
1149 3860 1339 3945 hujusmodi
1369 3862 1459 3927 bone

409 3968 575 4054 religionis
612 3968 648 4030 in
678 3963 806 4051 teipsa³
844 3963 968 4049 diliges,
999 3962 1117 4027 saltem
1146 3962 1290 4048 aliquem
1320 3963 1363 4028 ad
1388 3963 1458 4029 haec

408 4072 496 4136 bonu
518 4073 681 4144 conatum,
704 4067 781 4131 licet
804 4064 953 4142 debilem,
977 4064 1059 4128 mihi
1081 4084 1149 4128 non
1171 4065 1339 4130 invideas:
1364 4087 1458 4150 aequo

409 4172 518 4237 snimo
540 4168 645 4234 tolera
666 4167 754 4255 quod
777 4165 946 4252 gravantis
976 4165 1112 4231 sarcinae
1142 4171 1269 4252 pertem
1300 4165 1459 4252 deposui⁴

409 4274 614 4363 graviorem:
645 4270 712 4335 imo
734 4268 814 4334 totis
845 4267 1024 4333 visceribus
1057 4266 1181 4346 exulta,
1210 4268 1298 4353 quod
1331 4288 1370 4333 eo
1400 4290 1457 4333 ex-

443 4623 507 4689 ¹nt]
525 4636 574 4672 om.
589 4618 680 4671 C.C.G.
990 4614 1108 4680 ⁸teipsa]
1126 4613 1226 4675 rasis

441 4704 451 4734 ²
467 4697 641 4767 corporalium]
654 4695 838 4761 temporalium,
853 4692 906 4747 sid.
993 4694 999 4723 ¹
1016 4692 1129 4759 ἀφωιι]
1147 4692 1269 4757 disposui,
1280 4691 1371 4745 C.C.C.
