3500 5784
497 860 516 921 2
816 872 964 923 nonnam
986 869 1216 921 onossrrnsrn

497 1047 681 1114 auctoritas
744 1046 819 1134 lpse
853 1047 941 1111 enim
974 1045 1010 1109 in
1038 1044 1123 1111 libro
1153 1044 1314 1111 secundo¹
1347 1046 1389 1111 de
1424 1044 1542 1111 Libero

330 1166 476 1235 &Angue
496 1150 646 1217 Arbitrio
680 1149 750 1215 ait:
793 1149 859 1215 “Si
894 1148 1049 1235 quioquid
1086 1150 1245 1215 mutabile
1282 1150 1456 1235 aspexeris,
1489 1148 1542 1213 rel

329 1236 385 1367 {fl}
393 1236 483 1365 ᾗ,
498 1260 515 1289 “
538 1276 633 1319 sensu
656 1252 798 1341 corporis
828 1252 883 1317 vel
905 1252 1029 1317 animi⁹
1053 1252 1311 1319 consideratione
1340 1274 1454 1340 capere
1476 1274 1543 1317 non

329 1372 456 1489 uu
497 1366 515 1495 ῑῑ
537 1362 749 1527 uuio
1140 1356 1447 1525 ortum

497 1568 516 1598 “
538 1562 711 1629 mutabilia
755 1584 822 1627 non
860 1562 1122 1649 intercipiantur,
1160 1562 1217 1627 sed
1254 1563 1410 1627 dimensis
1446 1562 1544 1626 moti-

498 1675 515 1700 ¹‘
537 1666 600 1731 bus
622 1670 657 1731 et
680 1664 836 1731 distincta
862 1664 1023 1729 varietate
1052 1663 1240 1743 formarum,
1264 1666 1358 1751 quasi
1384 1666 1544 1753 quosdam

497 1777 515 1805 “
537 1790 651 1835 versus
687 1772 873 1855 temporum
910 1770 1079 1855 peragant,
1119 1789 1187 1833 esee
1223 1768 1368 1854 aliquam
1405 1769 1546 1834 formam

495 1879 512 1906 “
535 1876 690 1937 eternam
715 1876 749 1937 et
771 1870 1094 1951 inoommutabilem3
1118 1892 1192 1955 quae
1211 1892 1317 1957 neque
1337 1872 1547 1937 contineatur

495 1983 511 2009 “
535 1979 569 2039 et
595 1975 687 2061 quasi
714 1972 922 2038 diffundatur
947 1973 1036 2055 locis,
1069 1994 1174 2060 neque
1200 1974 1417 2061 protendatur
1446 1980 1547 2061 atque

494 2086 512 2113 “
534 2078 682 2143 varietur
714 2076 924 2163 temporibus,
948 2098 1006 2163 per
1037 2098 1136 2163 quarn
1168 2083 1285 2144 cuncta
1316 2080 1383 2143 ista
1411 2078 1546 2143 formari

493 2187 511 2215 “
534 2180 667 2246 valeant
690 2186 724 2245 et
745 2201 805 2267 pro
828 2202 888 2244 suo
909 2202 1027 2266 genere
1049 2180 1184 2267 implere
1214 2186 1314 2266 atque
1343 2202 1440 2267 agero
1461 2180 1547 2245 loco-

493 2291 511 2319 “
534 2306 608 2349 rum
622 2305 660 2348 ao
675 2288 860 2367 temporum
875 2304 1038 2373 numeros.
1067 2282 1184 2349 Omnis
1199 2284 1288 2348 enim
1302 2304 1354 2349 res
1367 2282 1547 2360 mutabilis,

495 2394 513 2421 ‘¹
536 2388 636 2452 etiam
659 2384 837 2449 formabilis
859 2386 904 2450 sit
934 2407 1061 2451 necesse
1083 2391 1141 2451 est.
1187 2384 1281 2452 Sicut
1303 2394 1414 2454 autem
1436 2392 1547 2452 muta·

496 2498 513 2525 “
536 2491 601 2555 bile
624 2488 763 2553 dicimus
785 2488 872 2574 quod
895 2489 1019 2553 mutari
1040 2494 1159 2575 potest,
1190 2490 1239 2555 ita
1260 2492 1431 2557 formabile
1457 2492 1547 2577 quod

496 2601 513 2629 ‘¹
536 2592 670 2658 formari
684 2596 794 2681 potest
808 2591 1048 2677 appellaverim
1096 2592 1200 2657 Nulla
1213 2598 1325 2659 autem
1339 2616 1391 2659 res
1405 2594 1547 2659 formare

496 2704 514 2735 “
537 2718 571 2761 se
593 2696 697 2783 ipsam
720 2698 847 2783 potest3
870 2695 949 2779 quia
971 2695 1062 2759 nulla
1077 2716 1128 2759 res
1143 2702 1252 2783 potest
1270 2698 1349 2761 dare
1364 2696 1443 2761 sibi⁴
1458 2700 1547 2783 quod

497 2806 514 2835 “
537 2820 604 2865 non
631 2798 756 2877 habet;
782 2804 815 2865 et
842 2797 958 2883 utiquc
990 2802 1028 2863 ut
1059 2796 1180 2863 habeat
1211 2798 1359 2881 formam,
1384 2800 1547 2865 formatur

496 2908 515 2939 “
537 2902 669 2989 aliquid.
732 2902 941 2989 Quapropter
973 2900 1129 2987 quaelibet
1163 2924 1214 2967 res
1252 2904 1279 2967 si
1314 2926 1413 2990 quam
1445 2904 1547 2971 habet

495 3014 513 3043 “
536 3007 682 3083 sormam,
698 3026 765 3070 non
789 3006 818 3070 ei
842 3026 923 3091 opus
946 3009 996 3069 est
1011 3005 1153 3091 accipere
1176 3006 1265 3091 quod
1287 3006 1410 3087 liabet;
1433 3008 1461 3072 si
1480 3030 1547 3094 qua

494 3116 513 3144 ‘¹
536 3130 614 3173 vero
647 3108 785 3177 formam
818 3128 885 3171 non
912 3106 1021 3185 habet,
1053 3128 1120 3173 non
1150 3114 1259 3195 potest
1286 3132 1307 3173 a
1338 3133 1372 3175 se
1402 3112 1545 3198 accipere

495 3220 512 3246 “
536 3211 623 3297 quod
661 3231 727 3275 non
766 3208 873 3274 habet.
935 3208 1038 3275 Nulla
1075 3231 1151 3297 ergo
1198 3233 1258 3290 res,
1307 3218 1346 3277 ut
1389 3213 1543 3293 diximus,

496 3323 513 3349 “
536 3312 674 3377 formare
707 3333 739 3376 se
771 3314 889 3398 potest
941 3311 1125 3378 Conficitur
1157 3312 1270 3399 itaque
1301 3322 1340 3380 ut
1370 3337 1488 3403 corpus
1512 3324 1545 3382 et

496 3422 514 3449 ¹‘
537 3415 675 3491 animus,
703 3434 776 3479 cum
806 3412 875 3479 sint
899 3412 1095 3493 mutabilia⁶,
1123 3416 1227 3480 forma
1250 3416 1392 3503 quadam
1422 3418 1545 3485 incom-

497 3514 690 3583 “mutabili
722 3520 756 3581 et
787 3538 914 3603 semper
944 3522 1099 3584 manente
1121 3518 1324 3601 formentur3
1346 3520 1399 3585 cui
1433 3522 1546 3589 iormoe

331 3628 515 3699 1‘sa1.vi.2r‚“
539 3620 663 3685 dictum
699 3624 758 3698 est,
781 3616 931 3685 mutulae
961 3642 1001 3685 ea
1028 3628 1058 3687 et
1088 3622 1326 3701 mutabuntur,
1357 3630 1397 3689 ta
1430 3630 1543 3691 uatem

331 3708 370 3753 ²⁸·
437 3714 446 3739 ”
498 3730 515 3758 “
538 3722 633 3789 idem
668 3742 709 3803 oe,
741 3728 769 3787 et
801 3720 893 3787 cruat
930 3722 986 3788 tui
1014 3743 1088 3789 oon
1118 3722 1278 3810 deficient.
1325 3726 1439 3792 Annos
1477 3728 1546 3793 sine

498 3832 516 3861 “
538 3824 666 3891 defectu
698 3844 757 3912 pro
795 3824 983 3891 aeternitate
1028 3826 1139 3914 posuit
1183 3828 1371 3915 prophetica
1415 3830 1545 3897 locutio.

331 3944 485 4011 Sapsiiar.
498 3932 517 3965 “
540 3926 591 3993 De
613 3928 674 3993 hac
704 3928 784 3993 item
806 3926 912 3991 forma
934 3927 1059 3993 dictum
1082 3936 1139 4007 ost,
1173 3930 1261 4017 quod
1282 3930 1325 3997 ia
1347 3954 1380 3997 ee
1400 3952 1547 3999 amnena

499 4038 515 4067 “
537 4030 675 4098 emovet
697 4030 817 4097 omnio
829 4056 843 4111 ;
876 4030 955 4096 hinc
985 4032 1085 4097 etiam
1118 4034 1413 4121 comprehenditur,
1436 4038 1547 4103 omnia

499 4144 515 4170 ‘⁴
539 4132 746 4221 providentia
776 4132 961 4221 gubernari.
1018 4134 1055 4199 Si
1087 4135 1173 4202 enim
1206 4137 1317 4202 omnia
1350 4162 1424 4225 quae
1458 4147 1546 4223 sunt,

497 4244 516 4273 “
539 4238 643 4304 forma
674 4238 806 4325 penitus
833 4238 1010 4315 subtracta,
1033 4238 1126 4303 nulla
1148 4246 1254 4321 crunt,
1277 4242 1382 4307 forma
1403 4243 1476 4330 ipsa
1498 4244 1545 4308 in·

500 4350 518 4376 “
539 4340 789 4419 commutabilis,
813 4362 871 4427 per
893 4362 992 4427 quam
1024 4342 1197 4408 mutabilia
1218 4346 1329 4411 omnia
1352 4346 1544 4424 subsistunt,

500 4450 517 4482 “
540 4452 579 4511 ut
602 4445 779 4512 formarum
803 4466 937 4511 suarum
960 4446 1104 4510 numeris
1126 4444 1324 4532 impleantur
1339 4456 1373 4514 et
1396 4454 1545 4536 agentur,

503 4596 638 4603 n———-
653 4595 1013 4603 --..--——-———-
1024 4596 1280 4603 -.—.--—----—-.
1302 4598 1371 4604 ......
1472 4600 1538 4607 ...η

534 4666 539 4694 ¹
557 4662 671 4729 secundo]
691 4664 767 4713 MSS.
780 4664 866 4729 primo.
1080 4664 1212 4729 ’reeidcq
1231 4667 1325 4725 redeat,
1336 4667 1425 4720 000

530 4744 644 4809 ²animi]
663 4760 691 4794 so
708 4742 769 4803 Sid,
782 4744 831 4795 Ox.
850 4744 877 4792 in
895 4758 996 4808 murg.;
1080 4744 1089 4771 ⁴
1105 4742 1166 4807 siti]
1185 4759 1234 4793 om.
1248 4744 1337 4797 C.C.C.

497 4840 562 4885 cum,
574 4822 663 4879 000
928 4846 935 4859 ·
1019 4812 1025 4863 l
1079 4823 1088 4849 ³
1105 4838 1157 4871 cum
1168 4823 1218 4872 sint
1228 4822 1369 4891 mutabilia]
1382 4834 1427 4877 not
1437 4825 1463 4878 in
1476 4826 1545 4893 Aug.
