3500 5784
492 851 558 916 281
814 861 961 913 aceram
983 860 1218 912 osossarssra

492 1036 648 1103 culdubio
668 1057 727 1104 vos
749 1036 813 1123 ipsi
834 1036 951 1102 borum
973 1058 1070 1101 causa
1091 1036 1191 1115 estis;
1221 1034 1423 1123 gubernator
1453 1035 1541 1100 enim

492 1160 591 1205 causa
612 1145 664 1205 est
686 1139 884 1206 eversionis¹
906 1140 1009 1218 navis,
1032 1138 1133 1224 cujus,
1158 1138 1187 1204 si
1209 1139 1318 1219 vellet,
1342 1142 1451 1225 posset
1472 1158 1543 1202 esse

492 1263 590 1307 causa
620 1243 743 1308 salutis
790 1242 873 1309 Haec
905 1242 1011 1328 igitur
1053 1241 1253 1328 praecripta,
1298 1241 1360 1306 filii
1391 1240 1457 1306 mei
1490 1261 1542 1305 ca-

492 1344 622 1426 rissimi,
646 1366 736 1431 quos,
759 1365 846 1410 cum*
868 1344 1035 1429 adjutorio
1068 1342 1177 1431 Ipsius
1200 1342 1258 1429 qui
1290 1344 1344 1409 ex'
1367 1344 1542 1410 dilectione

492 1447 595 1512 etiam
616 1469 677 1535 pro
709 1446 852 1513 inimicis
883 1446 967 1513 mori
998 1445 1116 1526 voluit,
1147 1467 1275 1533 semper
1305 1445 1441 1533 diligam
1473 1467 1542 1511 non

492 1549 598 1615 solum
619 1556 757 1637 paterno
778 1550 900 1615 affectu
922 1548 980 1614 sed
1002 1554 1036 1615 et
1066 1553 1215 1614 materno
1237 1548 1294 1635 qui
1316 1550 1460 1614 tenerior
1481 1554 1542 1626 est,

491 1650 603 1717 filialis
641 1651 827 1718 dilectionis
863 1650 984 1717 affectu
1022 1652 1182 1738 suscipere
1219 1650 1346 1716 curetis
1401 1650 1443 1715 ln
1479 1650 1543 1715 hoc

492 1756 581 1821 enim
602 1774 680 1821 vere
702 1754 795 1833 filios,
817 1776 887 1818 non
908 1752 1030 1819 alienos
1052 1753 1107 1819 vel
1140 1752 1314 1840 degeneres
1335 1774 1394 1819 vos
1426 1753 1544 1840 pmba·

492 1859 581 1938 bitis,
604 1860 634 1925 si
654 1864 809 1945 paternas
839 1858 899 1923 bas
930 1857 1157 1943 correptiones,
1192 1858 1365 1936 suasiones,
1398 1858 1544 1924 obsecra

492 1962 608 2041 tiones,
631 1966 667 2027 et
681 1961 789 2026 etiam
819 1980 931 2047 preces
962 1959 1122 2047 supplices
1144 1958 1290 2026 filialiter
1311 1961 1541 2038 sustinueritis,

491 2086 571 2129 aure
592 2063 749 2130 audiendi
770 2061 942 2128 audieritis
963 2067 998 2128 et
1019 2062 1252 2127 exaudieritis:
1285 2085 1345 2128 neo
1375 2062 1543 2150 reputabi-

493 2170 551 2231 tur
564 2166 698 2245 111111111,
726 2165 815 2251 quod
843 2164 887 2230 ad
911 2164 970 2230 has
1004 2169 1158 2250 paternas
1187 2186 1283 2230 voces
1315 2165 1416 2231 bierit
1448 2165 1543 2230 filiali

492 2270 682 2336 humilitate
704 2276 893 2336 correctum.
939 2268 977 2334 si
999 2290 1078 2335 vero
1101 2290 1154 2334 eas
1177 2290 1220 2334 ex
1241 2268 1370 2334 intimis
1391 2270 1544 2335 medullis

492 2378 640 2462 paternae
662 2372 847 2438 dilectionis
880 2377 914 2437 et
944 2371 1176 2457 compassionis
1208 2377 1319 2436 erutas
1348 2372 1544 2458 repuleritis,

492 2477 547 2542 cui
568 2480 676 2564 potest
698 2475 735 2540 in
757 2474 896 2540 dubium
917 2472 1005 2539 verti
1028 2474 1116 2560 quod
1146 2478 1273 2560 patrem
1305 2496 1372 2540 non
1403 2474 1544 2560 diligitis

492 2579 613 2644 affectu
648 2577 751 2655 filiali,
788 2598 827 2641 ac
864 2596 924 2663 per
953 2576 1022 2653 hoc,
1060 2576 1242 2641 secundum
1272 2577 1360 2661 quod
1391 2577 1543 2663 inprimis

493 2681 620 2747 dictum
642 2683 700 2761 est,
723 2678 919 2764 posteriores
942 2677 1049 2744 effecti
1070 2700 1138 2744 non
1160 2680 1264 2745 solum
1293 2678 1463 2764 jumentis,
1485 2680 1544 2744 sed

493 2787 528 2847 et
548 2782 783 2870 posterioribus
805 2782 907 2867 ipsis?
952 2780 1063 2867 Longe
1085 2781 1130 2845 sit
1151 2780 1212 2846 boc
1233 2803 1255 2847 a
1268 2782 1350 2846 viris
1370 2786 1441 2846 tarn
1464 2782 1543 2846 erni-

493 2884 604 2950 nentis
627 2884 806 2971 sapientiae,
830 2886 902 2947 tam
916 2904 1008 2969 purae
1024 2882 1261 2970 intelligentiae,
1285 2888 1356 2949 tarn
1378 2884 1544 2969 praeclarae

493 2987 647 3065 scientiae,
670 2992 740 3051 tam
761 2985 1002 3071 circumspectae
1024 2984 1228 3071 prudentiae:
1260 2986 1318 3051 sed
1340 2985 1462 3073 dirigat
1483 3008 1544 3051 vos

493 3090 530 3153 in
561 3088 697 3176 agendis
728 3087 881 3153 omnibus
913 3086 1091 3174 prudentia
1121 3088 1163 3152 ad
1196 3088 1297 3153 finem
1340 3090 1463 3154 bonum
1485 3111 1545 3175 per

493 3193 583 3256 viam
604 3196 751 3272 rectam3
781 3191 943 3277 provehat
976 3212 1035 3255 vos
1066 3190 1204 3256 scientia
1236 3191 1280 3255 ad
1310 3189 1485 3279 legendum
1505 3192 1544 3257 111

493 3295 645 3361 omnibus
681 3298 903 3360 creaturarum
941 3293 1116 3379 speciebus,
1155 3292 1248 3379 qussi
1277 3292 1314 3358 in
1346 3294 1544 3381 quibusdam

491 3398 663 3464 literarum
694 3398 850 3484 apicibus,
875 3395 1062 3461 Creatorem
1088 3395 1216 3461 trinum
1246 3401 1281 3463 et
1310 3418 1434 3479 unum3
1467 3419 1545 3463 con-

488 3504 611 3591 jungat
632 3524 692 3569 vos
712 3502 934 3589 intelligentia
960 3500 1114 3587 angelicis
1146 3500 1325 3588 spiritibus,
1360 3506 1400 3565 ut
1429 3522 1544 3567 secun-

493 3606 572 3671 dum
595 3604 845 3692 possibilitatem
867 3602 1046 3669 humanam
1067 3602 1244 3669 imitemini
1266 3604 1545 3669 conversationem

493 3708 692 3795 angelimm3
714 3706 897 3793 superferat
919 3728 979 3772 vos
1001 3706 1163 3793 sapientia
1178 3707 1214 3771 in
1237 3706 1342 3792 ipsam
1363 3707 1543 3793 simplicem

493 3811 672 3889 Deitatem,
697 3815 737 3875 ut
759 3814 900 3895 purgato
923 3810 1045 3873 mentis
1068 3808 1162 3875 oculo
1184 3809 1227 3873 ab
1259 3810 1348 3873 omni
1369 3810 1418 3875 rei
1440 3816 1544 3875 mate-

492 3913 583 3979 rialis
604 3911 874 3998 concupiscentia,
904 3911 1011 3999 ipsam
1042 3910 1148 3977 lucem
1182 3912 1329 3997 primam,
1352 3911 1388 3975 in
1420 3935 1485 3999 qua
1506 3913 1545 3977 in

493 4039 527 4081 se
548 4014 622 4081 visa
642 4015 800 4080 videntur
822 4014 942 4095 omnia,
977 4013 1068 4099 cujus
1102 4015 1202 4079 etiam
1224 4014 1309 4079 visio
1339 4019 1391 4080 est
1420 4020 1546 4081 aeterna

493 4120 575 4200 vita,
597 4138 679 4203 pure
701 4122 737 4182 et
758 4116 995 4183 irreverberata
1018 4116 1289 4204 contemplemini.

798 4488 806 4521 ¹
823 4488 965 4557 1111111111]
984 4488 1130 4555 aversionis,
1143 4488 1233 4543 G.C.·O.
