3500 5784
649 876 828 925 nersronn.
1197 862 1263 927 369

212 1049 300 1133 quod
322 1050 465 1136 primum
499 1050 702 1117 tradentem¹
738 1053 847 1116 minus
880 1051 1023 1116 viriliter
1053 1055 1088 1116 et
1121 1049 1263 1116 fideliter

204 1151 340 1235 juverit,
363 1175 437 1218 eum
459 1155 545 1219 vires
568 1154 631 1220 sibi
653 1155 846 1220 imminutas
867 1175 936 1219 non
957 1153 1079 1241 poterit
1101 1175 1263 1220 resumere

210 1255 239 1319 is
261 1257 318 1341 qui
340 1258 386 1322 eis
409 1257 572 1324 trudendo
605 1279 660 1323 eas
682 1258 747 1324 sibi
778 1258 955 1337 imminuit,
978 1280 1016 1324 ao
1038 1278 1097 1345 per
1118 1257 1181 1322 hoc
1202 1279 1263 1322 nec

210 1378 322 1424 eorum
360 1361 509 1448 supplere
532 1360 695 1427 defectum
707 1385 715 1442 ;
747 1360 959 1427 menifestum
996 1366 1048 1426 est
1081 1359 1169 1447 quod
1201 1359 1262 1424 tali

210 1461 330 1526 virium
364 1461 595 1529 imminutione
628 1462 738 1528 miuus
773 1463 906 1548 adjutus
937 1469 988 1529 est
1021 1467 1056 1528 et
1088 1461 1263 1527 alleviatus

209 1564 342 1630 trudens
379 1567 513 1652 primus,
552 1589 589 1631 ec
626 1565 694 1632 sie2
728 1587 786 1652 per
820 1566 965 1631 medinm
996 1566 1183 1631 tradentem
1212 1565 1262 1628 in-

204 1663 330 1749 juriose
366 1673 531 1754 gravatus
610 1668 772 1734 Praeterea
808 1669 865 1754 qui
902 1691 924 1732 a
959 1668 1066 1754 primo
1108 1665 1261 1731 tradente

208 1767 345 1855 suscipit
378 1775 412 1835 et
445 1770 518 1835 aliis
556 1769 685 1836 tredit³
707 1769 861 1857 cujusque
904 1769 1009 1857 operis
1052 1772 1260 1856 potestatem,

208 1873 322 1956 utpote
356 1873 524 1959 episcopus
558 1872 736 1938 adomino
759 1872 849 1959 Papa
870 1872 1047 1958 suscipiens
1068 1877 1104 1936 et
1125 1871 1260 1936 tradens

210 1971 417 2039 inferioribus
449 1976 633 2040 animarum
667 1975 848 2041 rectoribus
882 1978 1081 2062 potestatem
1112 1973 1260 2039 ministe-

210 2074 332 2140 riorum
356 2076 472 2142 salutis
495 2077 689 2156 animarum,
712 2075 840 2142 nonue⁴
854 2077 1060 2163 prudentius,
1088 2076 1259 2156 salubrius,

209 2179 243 2240 et
281 2177 316 2240 in
354 2175 595 2244 alleviationem
633 2179 740 2244 oneris
777 2178 902 2243 domini
937 2177 1042 2266 Papae,
1077 2177 1170 2263 cujus
1211 2183 1261 2242 est

208 2279 354 2344 omnium
377 2279 583 2346 eeclesiarum
607 2285 642 2346 et
664 2280 812 2347 omnium
843 2280 1027 2344 animarum
1049 2301 1177 2344 summa
1198 2278 1260 2343 sub

208 2381 287 2446 caelo
320 2381 514 2461 sollicitudo,
539 2381 697 2448 efficacius
735 2382 844 2448 trudet
877 2382 945 2448 suis
975 2381 1192 2462 inferioribus,
1216 2381 1259 2446 ad

208 2485 480 2571 comportandum
502 2507 598 2550 suum
615 2490 650 2551 et
665 2485 791 2550 domini
814 2485 913 2572 Papae
936 2506 1027 2565 onus,
1043 2489 1171 2571 partem
1191 2507 1259 2550 suae

205 2586 379 2672 potestatis
402 2607 495 2651 suam
525 2586 588 2652 sibi
619 2608 687 2653 non
707 2585 942 2664 imminuendo,
978 2608 1052 2650 eum
1073 2586 1135 2651 hoc
1156 2585 1261 2672 possit

205 2687 309 2754 iacere
331 2693 365 2754 et
387 2687 505 2756 debeat
527 2690 705 2755 secundum
736 2689 919 2754 doctrinam
942 2688 1129 2776 Scripturas,
1161 2710 1259 2774 quam

205 2811 298 2856 suam
331 2792 395 2856 sibi
425 2791 651 2859 imminuendo
684 2797 718 2857 et
751 2790 997 2857 detruncando?
1046 2789 1083 2855 Si
1106 2789 1258 2856 dominus
1271 2809 1408 2878 ThePope

206 2892 304 2981 Papa,
340 2895 397 2980 qui
426 2917 448 2959 a
481 2895 503 2960 J
506 2917 563 2960 esu
601 2893 741 2973 Christo,
765 2895 857 2980 cujus
889 2894 994 2958 vicem
1016 2893 1111 2980 gerit,
1135 2886 1389 2995 Wlfflin

206 2997 446 3082 plenitudinem
480 2998 660 3084 potestatis,
684 3019 755 3062 eam
787 2996 850 3061 sibi
887 2996 1098 3061 imminueret
1134 2996 1257 3082 absque
1269 3009 1413 3089 histpover,

206 3099 362 3164 mandato
399 3099 481 3164 Jesu
520 3099 645 3166 Christi
690 3100 823 3165 scientis
861 3098 903 3164 ob
940 3118 1038 3185 quam
1075 3099 1257 3165 utilitatem
1269 3077 1397 3194 {⁸¹:¹2¹ss

205 3202 376 3268 mandaret
405 3223 478 3266 eam
500 3203 662 3280 imminui,
684 3223 794 3268 nonne
816 3201 937 3267 faceret
959 3201 1020 3266 hoc
1041 3202 1078 3266 in
1100 3201 1256 3287 injuriam
1270 3209 1420 3288 chunanus

204 3303 286 3370 Jesu
309 3303 458 3370 Christir
502 3305 534 3368 A
557 3304 657 3369 simili
679 3303 707 3369 si
738 3304 907 3391 episcopus
937 3307 1134 3389 potestatem
1156 3325 1255 3389 quam
1268 3277 1422 3402 ffiffi'p

204 3406 328 3492 accepit
350 3429 372 3471 a
393 3405 527 3472 domino
550 3407 645 3494 Papa,
670 3410 704 3472 et
734 3431 755 3471 a
780 3407 863 3472 Jesu
895 3405 1027 3472 Christo
1049 3427 1108 3492 per
1130 3405 1424 3470 dominihehmuom

206 3507 303 3594 Papae
329 3509 572 3588 mediationem,
595 3507 771 3574 imminuat
793 3509 856 3573 sibi
879 3509 1002 3593 absque
1032 3529 1191 3573 consensu
1221 3514 1256 3573 et
1267 3475 1310 3525 ‘¹¹⁰
1321 3476 1398 3542 Pope.

203 3610 450 3676 confirmatione
473 3612 597 3676 domini
620 3611 718 3698 Pspae
734 3611 864 3676 scientis
887 3610 930 3675 ob
953 3631 1050 3695 quam
1073 3609 1256 3675 utilitatem

204 3711 450 3778 ecclesiasticam
473 3711 661 3798 hujusmodi
683 3712 844 3800 approbat
878 3717 913 3778 et
943 3712 1116 3777 confirmat
1148 3717 1255 3798 potes-

204 3816 284 3880 tatis
300 3813 561 3894 diminutionem,
577 3815 614 3880 in
636 3837 790 3902 magnam
804 3815 904 3881 faciet
925 3814 986 3880 hoc
1008 3813 1134 3881 domini
1158 3815 1256 3901 Papae

202 3916 365 4002 injuriam,
401 3922 435 3984 et
466 3941 524 4006 per
545 3939 745 4004 consequens
766 3917 803 3982 in
824 3939 959 4004 gravem
982 3917 1118 3983 Domini
1150 3919 1256 3983 nostri

201 4018 284 4084 Jesu
322 4019 447 4086 Christi
491 4021 728 4086 contumeliam.
790 4019 887 4085 Nihil
930 4021 1034 4108 igitur
1070 4025 1121 4086 est
1166 4019 1254 4105 quod

121 4119 137 4162 ’·
201 4121 334 4208 allegari
367 4123 498 4210 potest⁵
529 4124 687 4190 veraciter
719 4124 763 4189 ad
794 4123 1046 4189 diminutionem
1079 4123 1254 4209 potestatis

269 4360 444 4366 ----.-..--...
886 4358 892 4363 -
918 4354 1254 4364 ——-----..---‘—--n

237 4501 244 4532 ¹
253 4501 361 4567 fideliler
379 4541 385 4554 .
404 4541 410 4554 .
429 4541 435 4555 .
453 4541 460 4555 .
479 4503 623 4570 tradentem]
649 4519 698 4556 om.
720 4507 726 4612 Ι
783 4504 933 4569 ’murth
952 4541 958 4552 .
976 4540 983 4553 .
1001 4541 1008 4553 .
1027 4501 1116 4568 uadit]
1140 4501 1249 4567 suscepit

235 4728 310 4796 ἐῶ]
330 4730 358 4780 si.
371 4729 442 4781 Trio.
499 4749 504 4758 ·
782 4741 1011 4808 ⁵allepan'potest]
1030 4739 1163 4791 ouu'l'riu.

1048 4837 1069 4885 Α
1091 4837 1114 4885 Δ
