<?xml version="1.0" encoding="UTF-8"?>
<!DOCTYPE html PUBLIC "-//W3C//DTD XHTML 1.0 Transitional//EN"
    "http://www.w3.org/TR/xhtml1/DTD/xhtml1-transitional.dtd">
<html xmlns="http://www.w3.org/1999/xhtml" xml:lang="en" lang="en">
 <head>
  <title>
</title>
<meta http-equiv="Content-Type" content="text/html;charset=utf-8" />
  <meta name='ocr-system' content='tesseract 3.04.00' />
  <meta name='ocr-capabilities' content='ocr_page ocr_carea ocr_par ocr_line ocrx_word'/>
</head>
<body>
  <div class='ocr_page' id='page_1' title='image "./robertigrossete00luargoog_0344.png"; bbox 0 0 3500 5784; ppageno 0'>
   <div class='ocr_carea' id='block_1_1' title="bbox 726 849 1337 914">
    <p class='ocr_par' dir='ltr' id='par_1_1' title="bbox 726 849 1337 914">
     <span class='ocr_line' id='line_1_1' title="bbox 726 849 1337 914; baseline 0.003 -3"><span class='ocrx_word' id='word_1_1' title='bbox 726 859 904 912; x_wconf 69' lang='lat' dir='ltr'>rrrsroun</span> <span class='ocrx_word' id='word_1_2' title='bbox 1273 849 1337 914; x_wconf 80' lang='lat'>201</span> 
     </span>
    </p>
   </div>
   <div class='ocr_carea' id='block_1_2' title="bbox 295 1030 1512 4694">
    <p class='ocr_par' dir='ltr' id='par_1_2' title="bbox 295 1030 1482 1428">
     <span class='ocr_line' id='line_1_2' title="bbox 296 1030 1482 1120; baseline 0.003 -18"><span class='ocrx_word' id='word_1_3' title='bbox 296 1034 443 1102; x_wconf 68' lang='lat' dir='ltr'>remim</span> <span class='ocrx_word' id='word_1_4' title='bbox 467 1039 551 1100; x_wconf 70' lang='lat' dir='ltr'>comt</span> <span class='ocrx_word' id='word_1_5' title='bbox 574 1030 776 1120; x_wconf 72' lang='lat' dir='ltr'>iniquitates</span> <span class='ocrx_word' id='word_1_6' title='bbox 798 1040 830 1099; x_wconf 80' lang='lat' dir='ltr'>ct</span> <span class='ocrx_word' id='word_1_7' title='bbox 848 1051 997 1120; x_wconf 68' lang='lat' dir='ltr'>quornm</span> <span class='ocrx_word' id='word_1_8' title='bbox 1010 1038 1189 1100; x_wconf 68' lang='lat' dir='ltr'>crocco</span> <span class='ocrx_word' id='word_1_9' title='bbox 1199 1039 1482 1120; x_wconf 58' lang='lat' dir='ltr'>pcocowfflcmi.</span> 
     </span>
     <span class='ocr_line' id='line_1_3' title="bbox 295 1122 1381 1225; baseline -0.003 -22"><span class='ocrx_word' id='word_1_10' title='bbox 295 1137 444 1225; x_wconf 89' lang='lat' dir='ltr'>supplico</span> <span class='ocrx_word' id='word_1_11' title='bbox 465 1140 501 1202; x_wconf 87' lang='lat' dir='ltr'>ot</span> <span class='ocrx_word' id='word_1_12' title='bbox 522 1135 653 1202; x_wconf 84' lang='lat' dir='ltr'>obsecro</span> <span class='ocrx_word' id='word_1_13' title='bbox 679 1157 738 1222; x_wconf 91' lang='lat' dir='ltr'>per</span> <span class='ocrx_word' id='word_1_14' title='bbox 760 1134 968 1202; x_wconf 74' lang='lat' dir='ltr'>salvatorem</span> <span class='ocrx_word' id='word_1_15' title='bbox 990 1140 1140 1201; x_wconf 88' lang='lat' dir='ltr'>nostrum</span> <span class='ocrx_word' id='word_1_16' title='bbox 1162 1135 1343 1201; x_wconf 89' lang='lat' dir='ltr'>Dominum</span> <span class='ocrx_word' id='word_1_17' title='bbox 1357 1122 1381 1172; x_wconf 85' lang='lat'>¹·</span> 
     </span>
     <span class='ocr_line' id='line_1_4' title="bbox 296 1237 1343 1326; baseline -0.001 -21"><span class='ocrx_word' id='word_1_18' title='bbox 296 1239 412 1306; x_wconf 85' lang='lat' dir='ltr'>Jesum</span> <span class='ocrx_word' id='word_1_19' title='bbox 445 1238 802 1325; x_wconf 57' lang='lat' dir='ltr'>Christum-insuper</span> <span class='ocrx_word' id='word_1_20' title='bbox 833 1259 963 1325; x_wconf 87' lang='lat' dir='ltr'>quoque</span> <span class='ocrx_word' id='word_1_21' title='bbox 995 1259 1063 1304; x_wconf 93' lang='lat' dir='ltr'>non</span> <span class='ocrx_word' id='word_1_22' title='bbox 1094 1259 1138 1304; x_wconf 83' lang='lat' dir='ltr'>ex</span> <span class='ocrx_word' id='word_1_23' title='bbox 1158 1237 1343 1326; x_wconf 76' lang='lat' dir='ltr'>imperandi</span> 
     </span>
     <span class='ocr_line' id='line_1_5' title="bbox 298 1340 1344 1428; baseline -0.001 -22"><span class='ocrx_word' id='word_1_24' title='bbox 298 1343 443 1420; x_wconf 81' lang='lat' dir='ltr'>libidine,</span> <span class='ocrx_word' id='word_1_25' title='bbox 476 1341 534 1406; x_wconf 87' lang='lat' dir='ltr'>sed</span> <span class='ocrx_word' id='word_1_26' title='bbox 556 1361 598 1406; x_wconf 86' lang='lat' dir='ltr'>cx</span> <span class='ocrx_word' id='word_1_27' title='bbox 621 1340 830 1406; x_wconf 67' lang='lat' dir='ltr'>correctionis</span> <span class='ocrx_word' id='word_1_28' title='bbox 861 1361 980 1418; x_wconf 81' lang='lat' dir='ltr'>amore,</span> <span class='ocrx_word' id='word_1_29' title='bbox 1012 1362 1086 1406; x_wconf 89' lang='lat' dir='ltr'>cum</span> <span class='ocrx_word' id='word_1_30' title='bbox 1119 1341 1344 1428; x_wconf 71' lang='lat' dir='ltr'>evangelicum</span> 
     </span>
    </p>

    <p class='ocr_par' dir='ltr' id='par_1_3' title="bbox 296 1441 1346 1529">
     <span class='ocr_line' id='line_1_6' title="bbox 296 1441 1346 1529; baseline -0.001 -19"><span class='ocrx_word' id='word_1_31' title='bbox 296 1445 342 1510; x_wconf 87' lang='lat' dir='ltr'>sit</span> <span class='ocrx_word' id='word_1_32' title='bbox 356 1443 499 1510; x_wconf 80' lang='lat' dir='ltr'>verendo</span> <span class='ocrx_word' id='word_1_33' title='bbox 513 1442 616 1529; x_wconf 82' lang='lat' dir='ltr'>putris</span> <span class='ocrx_word' id='word_1_34' title='bbox 638 1441 796 1529; x_wconf 57' lang='lat' dir='ltr'>praedicto</span> <span class='ocrx_word' id='word_1_35' title='bbox 818 1441 916 1508; x_wconf 91' lang='lat' dir='ltr'>modo</span> <span class='ocrx_word' id='word_1_36' title='bbox 937 1441 1057 1520; x_wconf 75' lang='lat' dir='ltr'>velare,</span> <span class='ocrx_word' id='word_1_37' title='bbox 1068 1442 1106 1508; x_wconf 89' lang='lat' dir='ltr'>in</span> <span class='ocrx_word' id='word_1_38' title='bbox 1120 1442 1246 1508; x_wconf 88' lang='lat' dir='ltr'>virtute</span> <span class='ocrx_word' id='word_1_39' title='bbox 1266 1442 1346 1509; x_wconf 84' lang='lat' dir='ltr'>obc-</span> 
     </span>
    </p>

    <p class='ocr_par' dir='ltr' id='par_1_4' title="bbox 296 1542 1348 1632">
     <span class='ocr_line' id='line_1_7' title="bbox 296 1542 1348 1632; baseline 0 -21"><span class='ocrx_word' id='word_1_40' title='bbox 296 1544 430 1612; x_wconf 81' lang='lat' dir='ltr'>diontiae</span> <span class='ocrx_word' id='word_1_41' title='bbox 460 1544 827 1632; x_wconf 78' lang='lat' dir='ltr'>praecipio,-quotinus</span> <span class='ocrx_word' id='word_1_42' title='bbox 858 1542 921 1608; x_wconf 90' lang='lat' dir='ltr'>sub</span> <span class='ocrx_word' id='word_1_43' title='bbox 943 1542 1049 1609; x_wconf 83' lang='lat' dir='ltr'>formo</span> <span class='ocrx_word' id='word_1_44' title='bbox 1078 1545 1270 1632; x_wconf 69' lang='lat' dir='ltr'>pmseripto</span> <span class='ocrx_word' id='word_1_45' title='bbox 1289 1566 1348 1611; x_wconf 86' lang='lat' dir='ltr'>ve·</span> 
     </span>
    </p>

    <p class='ocr_par' dir='ltr' id='par_1_5' title="bbox 298 1646 1348 1734">
     <span class='ocr_line' id='line_1_8' title="bbox 298 1646 1348 1734; baseline -0.001 -21"><span class='ocrx_word' id='word_1_46' title='bbox 298 1647 400 1714; x_wconf 83' lang='lat' dir='ltr'>rendo</span> <span class='ocrx_word' id='word_1_47' title='bbox 431 1648 592 1713; x_wconf 79' lang='lat' dir='ltr'>melorum</span> <span class='ocrx_word' id='word_1_48' title='bbox 625 1668 771 1712; x_wconf 88' lang='lat' dir='ltr'>meorum</span> <span class='ocrx_word' id='word_1_49' title='bbox 802 1646 873 1711; x_wconf 89' lang='lat' dir='ltr'>sinc</span> <span class='ocrx_word' id='word_1_50' title='bbox 905 1668 1006 1713; x_wconf 82' lang='lat' dir='ltr'>morae</span> <span class='ocrx_word' id='word_1_51' title='bbox 1036 1647 1208 1734; x_wconf 87' lang='lat' dir='ltr'>dispendio</span> <span class='ocrx_word' id='word_1_52' title='bbox 1234 1668 1348 1734; x_wconf 88' lang='lat' dir='ltr'>ooope-</span> 
     </span>
    </p>

    <p class='ocr_par' dir='ltr' id='par_1_6' title="bbox 297 1747 1349 1836">
     <span class='ocr_line' id='line_1_9' title="bbox 297 1747 1349 1836; baseline 0 -20"><span class='ocrx_word' id='word_1_53' title='bbox 297 1749 401 1828; x_wconf 84' lang='lat' dir='ltr'>riotis‚</span> <span class='ocrx_word' id='word_1_54' title='bbox 425 1754 460 1814; x_wconf 89' lang='lat' dir='ltr'>et</span> <span class='ocrx_word' id='word_1_55' title='bbox 482 1748 645 1836; x_wconf 71' lang='lat' dir='ltr'>praecipue</span> <span class='ocrx_word' id='word_1_56' title='bbox 668 1747 734 1826; x_wconf 90' lang='lat' dir='ltr'>illo,</span> <span class='ocrx_word' id='word_1_57' title='bbox 758 1748 852 1835; x_wconf 77' lang='lat' dir='ltr'>siqua</span> <span class='ocrx_word' id='word_1_58' title='bbox 874 1754 987 1814; x_wconf 80' lang='lat' dir='ltr'>tomen</span> <span class='ocrx_word' id='word_1_59' title='bbox 1008 1753 1097 1828; x_wconf 88' lang='lat' dir='ltr'>sunt,</span> <span class='ocrx_word' id='word_1_60' title='bbox 1112 1770 1187 1836; x_wconf 85' lang='lat' dir='ltr'>quse</span> <span class='ocrx_word' id='word_1_61' title='bbox 1201 1749 1349 1816; x_wconf 75' lang='lat' dir='ltr'>asseritis</span> 
     </span>
    </p>

    <p class='ocr_par' dir='ltr' id='par_1_7' title="bbox 298 1849 1348 1938">
     <span class='ocr_line' id='line_1_10' title="bbox 298 1849 1348 1938; baseline 0 -20"><span class='ocrx_word' id='word_1_62' title='bbox 298 1853 335 1918; x_wconf 90' lang='lat' dir='ltr'>in</span> <span class='ocrx_word' id='word_1_63' title='bbox 371 1851 527 1938; x_wconf 82' lang='lat' dir='ltr'>injurium</span> <span class='ocrx_word' id='word_1_64' title='bbox 565 1850 669 1917; x_wconf 82' lang='lat' dir='ltr'>vestri</span> <span class='ocrx_word' id='word_1_65' title='bbox 706 1871 849 1937; x_wconf 87' lang='lat' dir='ltr'>vergere,</span> <span class='ocrx_word' id='word_1_66' title='bbox 890 1849 933 1916; x_wconf 92' lang='lat' dir='ltr'>ob</span> <span class='ocrx_word' id='word_1_67' title='bbox 970 1851 1059 1937; x_wconf 87' lang='lat' dir='ltr'>quod</span> <span class='ocrx_word' id='word_1_68' title='bbox 1095 1850 1139 1916; x_wconf 82' lang='lat' dir='ltr'>od</span> <span class='ocrx_word' id='word_1_69' title='bbox 1176 1850 1348 1918; x_wconf 87' lang='lat' dir='ltr'>dominum</span> 
     </span>
    </p>

    <p class='ocr_par' dir='ltr' id='par_1_8' title="bbox 298 1953 1348 2141">
     <span class='ocr_line' id='line_1_11' title="bbox 299 1953 1347 2042; baseline -0.001 -21"><span class='ocrx_word' id='word_1_70' title='bbox 299 1955 421 2042; x_wconf 76' lang='lat' dir='ltr'>Papam</span> <span class='ocrx_word' id='word_1_71' title='bbox 451 1974 565 2020; x_wconf 83' lang='lat' dir='ltr'>vocem</span> <span class='ocrx_word' id='word_1_72' title='bbox 598 1953 826 2040; x_wconf 77' lang='lat' dir='ltr'>appellationis</span> <span class='ocrx_word' id='word_1_73' title='bbox 860 1953 1026 2019; x_wconf 81' lang='lat' dir='ltr'>emisistis</span> <span class='ocrx_word' id='word_1_74' title='bbox 1071 1953 1175 2040; x_wconf 84' lang='lat' dir='ltr'>Spero</span> <span class='ocrx_word' id='word_1_75' title='bbox 1200 1955 1290 2020; x_wconf 89' lang='lat' dir='ltr'>enim</span> <span class='ocrx_word' id='word_1_76' title='bbox 1312 1959 1347 2021; x_wconf 88' lang='lat' dir='ltr'>et</span> 
     </span>
     <span class='ocr_line' id='line_1_12' title="bbox 298 2053 1348 2141; baseline -0.001 -18"><span class='ocrx_word' id='word_1_77' title='bbox 298 2056 427 2124; x_wconf 84' lang='lat' dir='ltr'>confido</span> <span class='ocrx_word' id='word_1_78' title='bbox 448 2055 486 2122; x_wconf 91' lang='lat' dir='ltr'>in</span> <span class='ocrx_word' id='word_1_79' title='bbox 508 2055 653 2121; x_wconf 91' lang='lat' dir='ltr'>Domino</span> <span class='ocrx_word' id='word_1_80' title='bbox 675 2060 787 2120; x_wconf 85' lang='lat' dir='ltr'>nostro</span> <span class='ocrx_word' id='word_1_81' title='bbox 810 2054 893 2120; x_wconf 85' lang='lat' dir='ltr'>Jesu</span> <span class='ocrx_word' id='word_1_82' title='bbox 916 2053 1049 2121; x_wconf 82' lang='lat' dir='ltr'>Christo</span> <span class='ocrx_word' id='word_1_83' title='bbox 1071 2055 1129 2141; x_wconf 89' lang='lat' dir='ltr'>qui</span> <span class='ocrx_word' id='word_1_84' title='bbox 1143 2060 1194 2122; x_wconf 86' lang='lat' dir='ltr'>cst</span> <span class='ocrx_word' id='word_1_85' title='bbox 1215 2055 1348 2122; x_wconf 80' lang='lat' dir='ltr'>Veritus</span> 
     </span>
    </p>

    <p class='ocr_par' dir='ltr' id='par_1_9' title="bbox 298 2157 1347 2244">
     <span class='ocr_line' id='line_1_13' title="bbox 298 2157 1347 2244; baseline -0.002 -18"><span class='ocrx_word' id='word_1_86' title='bbox 298 2164 430 2236; x_wconf 71' lang='lat' dir='ltr'>cumo,</span> <span class='ocrx_word' id='word_1_87' title='bbox 462 2157 550 2244; x_wconf 88' lang='lat' dir='ltr'>quod</span> <span class='ocrx_word' id='word_1_88' title='bbox 589 2157 733 2244; x_wconf 86' lang='lat' dir='ltr'>oliquom</span> <span class='ocrx_word' id='word_1_89' title='bbox 765 2157 944 2223; x_wconf 80' lang='lat' dir='ltr'>scintillam</span> <span class='ocrx_word' id='word_1_90' title='bbox 973 2158 1094 2223; x_wconf 78' lang='lat' dir='ltr'>amoris</span> <span class='ocrx_word' id='word_1_91' title='bbox 1126 2157 1279 2224; x_wconf 74' lang='lat' dir='ltr'>veritatis</span> <span class='ocrx_word' id='word_1_92' title='bbox 1310 2160 1347 2224; x_wconf 93' lang='lat' dir='ltr'>in</span> 
     </span>
    </p>

    <p class='ocr_par' dir='ltr' id='par_1_10' title="bbox 298 2259 1347 2349">
     <span class='ocr_line' id='line_1_14' title="bbox 298 2259 1347 2349; baseline 0 -23"><span class='ocrx_word' id='word_1_93' title='bbox 298 2262 410 2326; x_wconf 80' lang='lat' dir='ltr'>animo</span> <span class='ocrx_word' id='word_1_94' title='bbox 431 2281 511 2340; x_wconf 81' lang='lat' dir='ltr'>meo,</span> <span class='ocrx_word' id='word_1_95' title='bbox 543 2259 621 2325; x_wconf 86' lang='lat' dir='ltr'>licet</span> <span class='ocrx_word' id='word_1_96' title='bbox 652 2259 838 2347; x_wconf 81' lang='lat' dir='ltr'>peceatrice,</span> <span class='ocrx_word' id='word_1_97' title='bbox 861 2259 1031 2340; x_wconf 83' lang='lat' dir='ltr'>scccndit;</span> <span class='ocrx_word' id='word_1_98' title='bbox 1065 2281 1108 2326; x_wconf 85' lang='lat' dir='ltr'>ex</span> <span class='ocrx_word' id='word_1_99' title='bbox 1134 2282 1209 2347; x_wconf 88' lang='lat' dir='ltr'>quo,</span> <span class='ocrx_word' id='word_1_100' title='bbox 1237 2260 1347 2349; x_wconf 78' lang='lat' dir='ltr'>Ipsius</span> 
     </span>
    </p>

    <p class='ocr_par' dir='ltr' id='par_1_11' title="bbox 298 2361 1348 2655">
     <span class='ocr_line' id='line_1_15' title="bbox 299 2361 1348 2450; baseline -0.001 -21"><span class='ocrx_word' id='word_1_101' title='bbox 299 2364 432 2429; x_wconf 81' lang='lat' dir='ltr'>fovente</span> <span class='ocrx_word' id='word_1_102' title='bbox 464 2361 582 2450; x_wconf 76' lang='lat' dir='ltr'>grstia,</span> <span class='ocrx_word' id='word_1_103' title='bbox 613 2365 802 2449; x_wconf 85' lang='lat' dir='ltr'>promptum</span> <span class='ocrx_word' id='word_1_104' title='bbox 836 2361 963 2428; x_wconf 78' lang='lat' dir='ltr'>habebo</span> <span class='ocrx_word' id='word_1_105' title='bbox 993 2361 1143 2430; x_wconf 80' lang='lat' dir='ltr'>animum</span> <span class='ocrx_word' id='word_1_106' title='bbox 1180 2364 1223 2429; x_wconf 83' lang='lat' dir='ltr'>cd</span> <span class='ocrx_word' id='word_1_107' title='bbox 1258 2363 1348 2429; x_wconf 82' lang='lat' dir='ltr'>molo</span> 
     </span>
     <span class='ocr_line' id='line_1_16' title="bbox 299 2463 1346 2552; baseline 0.001 -21"><span class='ocrx_word' id='word_1_108' title='bbox 299 2463 484 2542; x_wconf 81' lang='lat' dir='ltr'>deserendo,</span> <span class='ocrx_word' id='word_1_109' title='bbox 508 2485 583 2530; x_wconf 91' lang='lat' dir='ltr'>cum</span> <span class='ocrx_word' id='word_1_110' title='bbox 614 2463 696 2529; x_wconf 90' lang='lat' dir='ltr'>mihi</span> <span class='ocrx_word' id='word_1_111' title='bbox 727 2465 814 2530; x_wconf 84' lang='lat' dir='ltr'>mola</span> <span class='ocrx_word' id='word_1_112' title='bbox 846 2485 917 2530; x_wconf 87' lang='lat' dir='ltr'>esse</span> <span class='ocrx_word' id='word_1_113' title='bbox 948 2465 1129 2552; x_wconf 83' lang='lat' dir='ltr'>potuerint,</span> <span class='ocrx_word' id='word_1_114' title='bbox 1162 2471 1198 2532; x_wconf 90' lang='lat' dir='ltr'>et</span> <span class='ocrx_word' id='word_1_115' title='bbox 1234 2488 1346 2532; x_wconf 88' lang='lat' dir='ltr'>omnes</span> 
     </span>
     <span class='ocr_line' id='line_1_17' title="bbox 298 2565 1346 2655; baseline 0.002 -23"><span class='ocrx_word' id='word_1_116' title='bbox 298 2567 438 2654; x_wconf 81' lang='lat' dir='ltr'>injurius</span> <span class='ocrx_word' id='word_1_117' title='bbox 470 2565 671 2632; x_wconf 80' lang='lat' dir='ltr'>revocandos</span> <span class='ocrx_word' id='word_1_118' title='bbox 693 2571 728 2632; x_wconf 85' lang='lat' dir='ltr'>et</span> <span class='ocrx_word' id='word_1_119' title='bbox 750 2567 966 2654; x_wconf 84' lang='lat' dir='ltr'>corrigendos,</span> <span class='ocrx_word' id='word_1_120' title='bbox 988 2568 1019 2634; x_wconf 88' lang='lat' dir='ltr'>si</span> <span class='ocrx_word' id='word_1_121' title='bbox 1040 2590 1130 2654; x_wconf 85' lang='lat' dir='ltr'>quos,</span> <span class='ocrx_word' id='word_1_122' title='bbox 1152 2567 1346 2655; x_wconf 76' lang='lat' dir='ltr'>quibusque,</span> 
     </span>
    </p>

    <p class='ocr_par' dir='ltr' id='par_1_12' title="bbox 299 2669 1348 2757">
     <span class='ocr_line' id='line_1_18' title="bbox 299 2669 1348 2757; baseline 0 -21"><span class='ocrx_word' id='word_1_123' title='bbox 299 2675 333 2736; x_wconf 86' lang='lat' dir='ltr'>et</span> <span class='ocrx_word' id='word_1_124' title='bbox 363 2670 506 2736; x_wconf 79' lang='lat' dir='ltr'>maximo</span> <span class='ocrx_word' id='word_1_125' title='bbox 538 2669 640 2746; x_wconf 89' lang='lat' dir='ltr'>vobis,</span> <span class='ocrx_word' id='word_1_126' title='bbox 683 2690 704 2734; x_wconf 85' lang='lat' dir='ltr'>c</span> <span class='ocrx_word' id='word_1_127' title='bbox 734 2690 787 2734; x_wconf 88' lang='lat' dir='ltr'>me</span> <span class='ocrx_word' id='word_1_128' title='bbox 809 2670 971 2757; x_wconf 77' lang='lat' dir='ltr'>irrogatos</span> <span class='ocrx_word' id='word_1_129' title='bbox 992 2670 1193 2756; x_wconf 70' lang='lat' dir='ltr'>agnoverim.</span> <span class='ocrx_word' id='word_1_130' title='bbox 1238 2670 1348 2736; x_wconf 80' lang='lat' dir='ltr'>Novit</span> 
     </span>
    </p>

    <p class='ocr_par' dir='ltr' id='par_1_13' title="bbox 298 2769 1510 2962">
     <span class='ocr_line' id='line_1_19' title="bbox 298 2769 1510 2858; baseline -0.001 -21"><span class='ocrx_word' id='word_1_131' title='bbox 298 2776 410 2838; x_wconf 80' lang='lat' dir='ltr'>autem</span> <span class='ocrx_word' id='word_1_132' title='bbox 443 2777 611 2838; x_wconf 66' lang='lat' dir='ltr'>sectator</span> <span class='ocrx_word' id='word_1_133' title='bbox 635 2769 794 2837; x_wconf 67' lang='lat' dir='ltr'>cordium</span> <span class='ocrx_word' id='word_1_134' title='bbox 822 2777 853 2838; x_wconf 77' lang='lat' dir='ltr'>et</span> <span class='ocrx_word' id='word_1_135' title='bbox 882 2793 1016 2850; x_wconf 76' lang='lat' dir='ltr'>recum,</span> <span class='ocrx_word' id='word_1_136' title='bbox 1039 2773 1127 2858; x_wconf 88' lang='lat' dir='ltr'>quod</span> <span class='ocrx_word' id='word_1_137' title='bbox 1147 2771 1346 2838; x_wconf 84' lang='lat' dir='ltr'>intentionis</span> <span class='ocrx_word' id='word_1_138' title='bbox 1355 2783 1455 2839; x_wconf 72' lang='lat' dir='ltr'>Pnir&#39;.</span> <span class='ocrx_word' id='word_1_139' title='bbox 1471 2793 1510 2839; x_wconf 82' lang='lat' dir='ltr'>ro.</span> 
     </span>
     <span class='ocr_line' id='line_1_20' title="bbox 298 2872 1347 2962; baseline 0.002 -24"><span class='ocrx_word' id='word_1_140' title='bbox 298 2895 387 2950; x_wconf 77' lang='lat' dir='ltr'>mese,</span> <span class='ocrx_word' id='word_1_141' title='bbox 411 2877 451 2939; x_wconf 84' lang='lat' dir='ltr'>ut</span> <span class='ocrx_word' id='word_1_142' title='bbox 473 2893 574 2960; x_wconf 90' lang='lat' dir='ltr'>spero,</span> <span class='ocrx_word' id='word_1_143' title='bbox 596 2894 768 2959; x_wconf 77' lang='lat' dir='ltr'>nunquam</span> <span class='ocrx_word' id='word_1_144' title='bbox 789 2872 855 2938; x_wconf 87' lang='lat' dir='ltr'>fuit</span> <span class='ocrx_word' id='word_1_145' title='bbox 877 2873 915 2939; x_wconf 86' lang='lat' dir='ltr'>in</span> <span class='ocrx_word' id='word_1_146' title='bbox 937 2872 1120 2940; x_wconf 87' lang='lat' dir='ltr'>ministerio</span> <span class='ocrx_word' id='word_1_147' title='bbox 1143 2873 1240 2941; x_wconf 87' lang='lat' dir='ltr'>officii</span> <span class='ocrx_word' id='word_1_148' title='bbox 1262 2875 1347 2962; x_wconf 85' lang='lat' dir='ltr'>epis-</span> 
     </span>
    </p>

    <p class='ocr_par' dir='ltr' id='par_1_14' title="bbox 298 2973 1344 3064">
     <span class='ocr_line' id='line_1_21' title="bbox 298 2973 1344 3064; baseline 0 -22"><span class='ocrx_word' id='word_1_149' title='bbox 298 2974 419 3062; x_wconf 74' lang='lat' dir='ltr'>copalis</span> <span class='ocrx_word' id='word_1_150' title='bbox 440 2975 594 3060; x_wconf 79' lang='lat' dir='ltr'>cuiquam</span> <span class='ocrx_word' id='word_1_151' title='bbox 615 2974 767 3060; x_wconf 75' lang='lat' dir='ltr'>injuriari</span> <span class='ocrx_word' id='word_1_152' title='bbox 780 2978 840 3040; x_wconf 83' lang='lat' dir='ltr'>cut</span> <span class='ocrx_word' id='word_1_153' title='bbox 850 2973 970 3064; x_wconf 75' lang='lat' dir='ltr'>jugum</span> <span class='ocrx_word' id='word_1_154' title='bbox 985 2975 1154 3042; x_wconf 88' lang='lat' dir='ltr'>servitutis</span> <span class='ocrx_word' id='word_1_155' title='bbox 1168 2977 1344 3064; x_wconf 83' lang='lat' dir='ltr'>imponere,</span> 
     </span>
    </p>

    <p class='ocr_par' dir='ltr' id='par_1_15' title="bbox 299 3075 1346 3166">
     <span class='ocr_line' id='line_1_22' title="bbox 299 3075 1346 3166; baseline 0.003 -24"><span class='ocrx_word' id='word_1_156' title='bbox 299 3081 359 3143; x_wconf 84' lang='lat' dir='ltr'>out</span> <span class='ocrx_word' id='word_1_157' title='bbox 381 3096 583 3163; x_wconf 81' lang='lat' dir='ltr'>quorumque</span> <span class='ocrx_word' id='word_1_158' title='bbox 605 3075 708 3142; x_wconf 82' lang='lat' dir='ltr'>bonus</span> <span class='ocrx_word' id='word_1_159' title='bbox 730 3077 982 3143; x_wconf 79' lang='lat' dir='ltr'>consuetudines</span> <span class='ocrx_word' id='word_1_160' title='bbox 1002 3077 1192 3159; x_wconf 81' lang='lat' dir='ltr'>infirmore3</span> <span class='ocrx_word' id='word_1_161' title='bbox 1214 3079 1272 3144; x_wconf 90' lang='lat' dir='ltr'>sed</span> <span class='ocrx_word' id='word_1_162' title='bbox 1285 3100 1346 3166; x_wconf 91' lang='lat' dir='ltr'>pro</span> 
     </span>
    </p>

    <p class='ocr_par' dir='ltr' id='par_1_16' title="bbox 299 3177 1346 3259">
     <span class='ocr_line' id='line_1_23' title="bbox 299 3177 1346 3259; baseline 0.002 -15"><span class='ocrx_word' id='word_1_163' title='bbox 299 3178 432 3244; x_wconf 89' lang='lat' dir='ltr'>modulo</span> <span class='ocrx_word' id='word_1_164' title='bbox 461 3199 544 3259; x_wconf 89' lang='lat' dir='ltr'>mec,</span> <span class='ocrx_word' id='word_1_165' title='bbox 578 3178 756 3244; x_wconf 83' lang='lat' dir='ltr'>secundum</span> <span class='ocrx_word' id='word_1_166' title='bbox 790 3177 887 3244; x_wconf 90' lang='lat' dir='ltr'>officii</span> <span class='ocrx_word' id='word_1_167' title='bbox 909 3180 974 3245; x_wconf 86' lang='lat' dir='ltr'>mei</span> <span class='ocrx_word' id='word_1_168' title='bbox 996 3180 1152 3259; x_wconf 87' lang='lat' dir='ltr'>debitum,</span> <span class='ocrx_word' id='word_1_169' title='bbox 1175 3181 1303 3246; x_wconf 78' lang='lat' dir='ltr'>animas</span> <span class='ocrx_word' id='word_1_170' title='bbox 1324 3203 1346 3246; x_wconf 81' lang='lat' dir='ltr'>c</span> 
     </span>
    </p>

    <p class='ocr_par' dir='ltr' id='par_1_17' title="bbox 299 3280 1346 3370">
     <span class='ocr_line' id='line_1_24' title="bbox 299 3280 1346 3370; baseline 0.003 -24"><span class='ocrx_word' id='word_1_171' title='bbox 299 3281 422 3346; x_wconf 84' lang='lat' dir='ltr'>dioboli</span> <span class='ocrx_word' id='word_1_172' title='bbox 452 3281 576 3367; x_wconf 71' lang='lat' dir='ltr'>laqueis</span> <span class='ocrx_word' id='word_1_173' title='bbox 607 3280 753 3346; x_wconf 82' lang='lat' dir='ltr'>irretitus</span> <span class='ocrx_word' id='word_1_174' title='bbox 784 3281 915 3368; x_wconf 88' lang='lat' dir='ltr'>eripere,</span> <span class='ocrx_word' id='word_1_175' title='bbox 938 3304 959 3346; x_wconf 89' lang='lat' dir='ltr'>o</span> <span class='ocrx_word' id='word_1_176' title='bbox 975 3280 1058 3369; x_wconf 83' lang='lat' dir='ltr'>jugo</span> <span class='ocrx_word' id='word_1_177' title='bbox 1079 3281 1249 3349; x_wconf 85' lang='lat' dir='ltr'>servitutis</span> <span class='ocrx_word' id='word_1_178' title='bbox 1271 3303 1346 3370; x_wconf 64' lang='lat' dir='ltr'>pere</span> 
     </span>
    </p>

    <p class='ocr_par' dir='ltr' id='par_1_18' title="bbox 300 3382 1346 3472">
     <span class='ocr_line' id='line_1_25' title="bbox 300 3382 1346 3472; baseline 0.002 -24"><span class='ocrx_word' id='word_1_179' title='bbox 300 3383 366 3448; x_wconf 83' lang='lat' dir='ltr'>esti</span> <span class='ocrx_word' id='word_1_180' title='bbox 398 3405 509 3449; x_wconf 87' lang='lat' dir='ltr'>eruero</span> <span class='ocrx_word' id='word_1_181' title='bbox 539 3388 573 3448; x_wconf 90' lang='lat' dir='ltr'>ct</span> <span class='ocrx_word' id='word_1_182' title='bbox 606 3384 643 3448; x_wconf 88' lang='lat' dir='ltr'>in</span> <span class='ocrx_word' id='word_1_183' title='bbox 665 3382 811 3470; x_wconf 76' lang='lat' dir='ltr'>Spiritus</span> <span class='ocrx_word' id='word_1_184' title='bbox 848 3384 1034 3450; x_wconf 73' lang='lat' dir='ltr'>libertatem</span> <span class='ocrx_word' id='word_1_185' title='bbox 1068 3383 1200 3472; x_wconf 84' lang='lat' dir='ltr'>erigere.</span> <span class='ocrx_word' id='word_1_186' title='bbox 1256 3383 1346 3467; x_wconf 80' lang='lat' dir='ltr'>Quis</span> 
     </span>
    </p>

    <p class='ocr_par' dir='ltr' id='par_1_19' title="bbox 299 3483 1512 4694">
     <span class='ocr_line' id='line_1_26' title="bbox 300 3483 1487 3574; baseline 0.003 -23"><span class='ocrx_word' id='word_1_187' title='bbox 300 3489 412 3552; x_wconf 78' lang='lat' dir='ltr'>tamen</span> <span class='ocrx_word' id='word_1_188' title='bbox 436 3507 551 3552; x_wconf 76' lang='lat' dir='ltr'>omues</span> <span class='ocrx_word' id='word_1_189' title='bbox 568 3483 713 3572; x_wconf 72' lang='lat' dir='ltr'>jcwtitc’oe</span> <span class='ocrx_word' id='word_1_190' title='bbox 738 3491 861 3551; x_wconf 79' lang='lat' dir='ltr'>oootroe</span> <span class='ocrx_word' id='word_1_191' title='bbox 886 3492 970 3552; x_wconf 74' lang='lat' dir='ltr'>root</span> <span class='ocrx_word' id='word_1_192' title='bbox 984 3486 1072 3552; x_wconf 78' lang='lat' dir='ltr'>sicut</span> <span class='ocrx_word' id='word_1_193' title='bbox 1081 3509 1228 3574; x_wconf 69' lang='lat' dir='ltr'>puriores</span> <span class='ocrx_word' id='word_1_194' title='bbox 1248 3489 1487 3553; x_wconf 66' lang='lat' dir='ltr'>oceo-Mlxiv·</span> 
     </span>
     <span class='ocr_line' id='line_1_27' title="bbox 299 3562 1500 3677; baseline 0 -22"><span class='ocrx_word' id='word_1_195' title='bbox 299 3594 447 3668; x_wconf 64' lang='lat' dir='ltr'>umato,</span> <span class='ocrx_word' id='word_1_196' title='bbox 472 3595 507 3654; x_wconf 89' lang='lat' dir='ltr'>et</span> <span class='ocrx_word' id='word_1_197' title='bbox 531 3587 575 3654; x_wconf 80' lang='lat' dir='ltr'>r&#39;o</span> <span class='ocrx_word' id='word_1_198' title='bbox 595 3584 716 3653; x_wconf 78' lang='lat' dir='ltr'>multis</span> <span class='ocrx_word' id='word_1_199' title='bbox 741 3585 948 3673; x_wconf 76' lang='lat' dir='ltr'>offendimus</span> <span class='ocrx_word' id='word_1_200' title='bbox 971 3609 1088 3654; x_wconf 72' lang='lat' dir='ltr'>ocurrer</span> <span class='ocrx_word' id='word_1_201' title='bbox 1098 3612 1112 3668; x_wconf 91' lang='lat'><em>;</em></span> <span class='ocrx_word' id='word_1_202' title='bbox 1134 3589 1191 3655; x_wconf 91' lang='lat' dir='ltr'>ille</span> <span class='ocrx_word' id='word_1_203' title='bbox 1213 3562 1383 3677; x_wconf 48' lang='lat' dir='ltr'>quoque&amp;</span> <span class='ocrx_word' id='word_1_204' title='bbox 1393 3623 1500 3677; x_wconf 66' lang='lat' dir='ltr'>luein</span> 
     </span>
     <span class='ocr_line' id='line_1_28' title="bbox 299 3688 1461 3810; baseline 0.002 -55"><span class='ocrx_word' id='word_1_205' title='bbox 299 3691 575 3778; x_wconf 81' lang='lat' dir='ltr'>supereminenter</span> <span class='ocrx_word' id='word_1_206' title='bbox 590 3690 702 3776; x_wconf 86' lang='lat' dir='ltr'>justus</span> <span class='ocrx_word' id='word_1_207' title='bbox 717 3688 892 3755; x_wconf 70' lang='lat' dir='ltr'>verebatur</span> <span class='ocrx_word' id='word_1_208' title='bbox 906 3689 1026 3756; x_wconf 73' lang='lat' dir='ltr'>ommia</span> <span class='ocrx_word' id='word_1_209' title='bbox 1048 3711 1150 3778; x_wconf 76' lang='lat' dir='ltr'>opero</span> <span class='ocrx_word' id='word_1_210' title='bbox 1170 3713 1253 3772; x_wconf 62' lang='lat' dir='ltr'>orm</span> <span class='ocrx_word' id='word_1_211' title='bbox 1276 3694 1379 3810; x_wconf 60' lang='lat' dir='ltr'>scio}⁸</span> <span class='ocrx_word' id='word_1_212' title='bbox 1424 3757 1461 3810; x_wconf 73' lang='lat' dir='ltr'>in</span> 
     </span>
     <span class='ocr_line' id='line_1_29' title="bbox 300 3758 1512 3880; baseline 0.002 -22"><span class='ocrx_word' id='word_1_213' title='bbox 300 3793 387 3880; x_wconf 91' lang='lat' dir='ltr'>quod</span> <span class='ocrx_word' id='word_1_214' title='bbox 423 3793 501 3858; x_wconf 88' lang='lat' dir='ltr'>licet</span> <span class='ocrx_word' id='word_1_215' title='bbox 529 3813 640 3879; x_wconf 83' lang='lat' dir='ltr'>prsvae</span> <span class='ocrx_word' id='word_1_216' title='bbox 670 3790 867 3856; x_wconf 87' lang='lat' dir='ltr'>intentionis</span> <span class='ocrx_word' id='word_1_217' title='bbox 900 3792 936 3858; x_wconf 90' lang='lat' dir='ltr'>in</span> <span class='ocrx_word' id='word_1_218' title='bbox 969 3793 1030 3858; x_wconf 81' lang='lat' dir='ltr'>huo</span> <span class='ocrx_word' id='word_1_219' title='bbox 1063 3799 1157 3880; x_wconf 81' lang='lat' dir='ltr'>porte</span> <span class='ocrx_word' id='word_1_220' title='bbox 1190 3815 1257 3860; x_wconf 92' lang='lat' dir='ltr'>non</span> <span class='ocrx_word' id='word_1_221' title='bbox 1279 3795 1343 3860; x_wconf 87' lang='lat' dir='ltr'>sim</span> <span class='ocrx_word' id='word_1_222' title='bbox 1373 3758 1415 3812; x_wconf 73' lang='lat' dir='ltr'>on</span> <span class='ocrx_word' id='word_1_223' title='bbox 1470 3766 1512 3815; x_wconf 47' lang='grc' dir='ltr'>’θ’</span> 
     </span>
     <span class='ocr_line' id='line_1_30' title="bbox 299 3892 1345 3982; baseline 0.003 -22"><span class='ocrx_word' id='word_1_224' title='bbox 299 3895 381 3960; x_wconf 90' lang='lat' dir='ltr'>mihi</span> <span class='ocrx_word' id='word_1_225' title='bbox 403 3893 556 3972; x_wconf 86' lang='lat' dir='ltr'>conscius,</span> <span class='ocrx_word' id='word_1_226' title='bbox 579 3899 693 3960; x_wconf 79' lang='lat' dir='ltr'>tamen</span> <span class='ocrx_word' id='word_1_227' title='bbox 713 3892 749 3958; x_wconf 93' lang='lat' dir='ltr'>in</span> <span class='ocrx_word' id='word_1_228' title='bbox 771 3892 833 3959; x_wconf 91' lang='lat' dir='ltr'>hoc</span> <span class='ocrx_word' id='word_1_229' title='bbox 853 3915 923 3958; x_wconf 90' lang='lat' dir='ltr'>non</span> <span class='ocrx_word' id='word_1_230' title='bbox 948 3915 1021 3960; x_wconf 84' lang='lat' dir='ltr'>sum</span> <span class='ocrx_word' id='word_1_231' title='bbox 1046 3896 1254 3982; x_wconf 76' lang='lat' dir='ltr'>justificatus,</span> <span class='ocrx_word' id='word_1_232' title='bbox 1285 3897 1345 3963; x_wconf 90' lang='lat' dir='ltr'>sed</span> 
     </span>
     <span class='ocr_line' id='line_1_31' title="bbox 300 3995 1343 4081; baseline 0.004 -19"><span class='ocrx_word' id='word_1_233' title='bbox 300 3997 510 4062; x_wconf 85' lang='lat' dir='ltr'>vehementer</span> <span class='ocrx_word' id='word_1_234' title='bbox 544 3997 581 4062; x_wconf 93' lang='lat' dir='ltr'>in</span> <span class='ocrx_word' id='word_1_235' title='bbox 612 3995 762 4060; x_wconf 91' lang='lat' dir='ltr'>omnibus</span> <span class='ocrx_word' id='word_1_236' title='bbox 784 3995 887 4062; x_wconf 88' lang='lat' dir='ltr'>timeo</span> <span class='ocrx_word' id='word_1_237' title='bbox 908 4018 998 4062; x_wconf 87' lang='lat' dir='ltr'>meos</span> <span class='ocrx_word' id='word_1_238' title='bbox 1019 4019 1143 4065; x_wconf 90' lang='lat' dir='ltr'>errores</span> <span class='ocrx_word' id='word_1_239' title='bbox 1155 4024 1164 4081; x_wconf 83' lang='lat'>3</span> <span class='ocrx_word' id='word_1_240' title='bbox 1201 4003 1236 4066; x_wconf 85' lang='lat' dir='ltr'>et</span> <span class='ocrx_word' id='word_1_241' title='bbox 1259 4000 1343 4078; x_wconf 84' lang='lat' dir='ltr'>idco,</span> 
     </span>
     <span class='ocr_line' id='line_1_32' title="bbox 300 4095 1346 4186; baseline 0.005 -23"><span class='ocrx_word' id='word_1_242' title='bbox 300 4103 340 4163; x_wconf 91' lang='lat' dir='ltr'>ut</span> <span class='ocrx_word' id='word_1_243' title='bbox 373 4119 472 4186; x_wconf 79' lang='lat' dir='ltr'>supro</span> <span class='ocrx_word' id='word_1_244' title='bbox 507 4097 684 4178; x_wconf 76' lang='lat' dir='ltr'>insinuavi,</span> <span class='ocrx_word' id='word_1_245' title='bbox 721 4095 933 4165; x_wconf 82' lang='lat' dir='ltr'>vehementer</span> <span class='ocrx_word' id='word_1_246' title='bbox 976 4098 1123 4165; x_wconf 87' lang='lat' dir='ltr'>desidero</span> <span class='ocrx_word' id='word_1_247' title='bbox 1167 4103 1346 4168; x_wconf 88' lang='lat' dir='ltr'>eorundem</span> 
     </span>
     <span class='ocr_line' id='line_1_33' title="bbox 300 4199 1346 4288; baseline 0.003 -22"><span class='ocrx_word' id='word_1_248' title='bbox 300 4200 416 4266; x_wconf 82' lang='lat' dir='ltr'>filiolos</span> <span class='ocrx_word' id='word_1_249' title='bbox 445 4199 664 4288; x_wconf 86' lang='lat' dir='ltr'>correptiones</span> <span class='ocrx_word' id='word_1_250' title='bbox 690 4203 853 4266; x_wconf 86' lang='lat' dir='ltr'>eteorum</span> <span class='ocrx_word' id='word_1_251' title='bbox 876 4200 1019 4266; x_wconf 89' lang='lat' dir='ltr'>Domino</span> <span class='ocrx_word' id='word_1_252' title='bbox 1036 4201 1145 4288; x_wconf 85' lang='lat' dir='ltr'>justos</span> <span class='ocrx_word' id='word_1_253' title='bbox 1165 4207 1201 4268; x_wconf 85' lang='lat' dir='ltr'>et</span> <span class='ocrx_word' id='word_1_254' title='bbox 1221 4203 1346 4269; x_wconf 85' lang='lat' dir='ltr'>miseri·</span> 
     </span>
     <span class='ocr_line' id='line_1_34' title="bbox 301 4300 1346 4392; baseline 0.003 -23"><span class='ocrx_word' id='word_1_255' title='bbox 301 4302 414 4369; x_wconf 87' lang='lat' dir='ltr'>cordes</span> <span class='ocrx_word' id='word_1_256' title='bbox 435 4303 658 4368; x_wconf 85' lang='lat' dir='ltr'>correctiones.</span> <span class='ocrx_word' id='word_1_257' title='bbox 704 4300 821 4367; x_wconf 82' lang='lat' dir='ltr'>Certus</span> <span class='ocrx_word' id='word_1_258' title='bbox 843 4323 917 4368; x_wconf 90' lang='lat' dir='ltr'>sum</span> <span class='ocrx_word' id='word_1_259' title='bbox 939 4309 1051 4369; x_wconf 82' lang='lat' dir='ltr'>cutem</span> <span class='ocrx_word' id='word_1_260' title='bbox 1073 4305 1162 4391; x_wconf 90' lang='lat' dir='ltr'>quod</span> <span class='ocrx_word' id='word_1_261' title='bbox 1183 4306 1213 4370; x_wconf 87' lang='lat' dir='ltr'>si</span> <span class='ocrx_word' id='word_1_262' title='bbox 1234 4327 1295 4392; x_wconf 87' lang='lat' dir='ltr'>ego</span> <span class='ocrx_word' id='word_1_263' title='bbox 1309 4311 1346 4372; x_wconf 88' lang='lat' dir='ltr'>et</span> 
     </span>
     <span class='ocr_line' id='line_1_35' title="bbox 300 4403 1345 4493; baseline 0.002 -22"><span class='ocrx_word' id='word_1_264' title='bbox 300 4425 359 4471; x_wconf 88' lang='lat' dir='ltr'>vos</span> <span class='ocrx_word' id='word_1_265' title='bbox 391 4425 460 4469; x_wconf 92' lang='lat' dir='ltr'>non</span> <span class='ocrx_word' id='word_1_266' title='bbox 493 4403 667 4492; x_wconf 78' lang='lat' dir='ltr'>diligamus</span> <span class='ocrx_word' id='word_1_267' title='bbox 698 4403 913 4490; x_wconf 87' lang='lat' dir='ltr'>nosmetipsos</span> <span class='ocrx_word' id='word_1_268' title='bbox 948 4405 1123 4493; x_wconf 80' lang='lat' dir='ltr'>plusquam</span> <span class='ocrx_word' id='word_1_269' title='bbox 1159 4407 1345 4488; x_wconf 74' lang='lat' dir='ltr'>veritatem,</span> 
     </span>
     <span class='ocr_line' id='line_1_36' title="bbox 300 4505 1346 4594; baseline 0.003 -22"><span class='ocrx_word' id='word_1_270' title='bbox 300 4528 405 4594; x_wconf 84' lang='lat' dir='ltr'>neque</span> <span class='ocrx_word' id='word_1_271' title='bbox 427 4506 609 4572; x_wconf 85' lang='lat' dir='ltr'>sententias</span> <span class='ocrx_word' id='word_1_272' title='bbox 630 4509 758 4572; x_wconf 85' lang='lat' dir='ltr'>nostros</span> <span class='ocrx_word' id='word_1_273' title='bbox 779 4505 992 4572; x_wconf 84' lang='lat' dir='ltr'>defendamus</span> <span class='ocrx_word' id='word_1_274' title='bbox 1014 4508 1093 4594; x_wconf 82' lang='lat' dir='ltr'>quio</span> <span class='ocrx_word' id='word_1_275' title='bbox 1113 4513 1235 4576; x_wconf 84' lang='lat' dir='ltr'>nostrae</span> <span class='ocrx_word' id='word_1_276' title='bbox 1256 4515 1346 4591; x_wconf 87' lang='lat' dir='ltr'>sunt,</span> 
     </span>
     <span class='ocr_line' id='line_1_37' title="bbox 301 4609 1344 4694; baseline 0.003 -20"><span class='ocrx_word' id='word_1_277' title='bbox 301 4609 358 4675; x_wconf 89' lang='lat' dir='ltr'>sed</span> <span class='ocrx_word' id='word_1_278' title='bbox 391 4609 497 4674; x_wconf 90' lang='lat' dir='ltr'>solum</span> <span class='ocrx_word' id='word_1_279' title='bbox 527 4609 606 4694; x_wconf 87' lang='lat' dir='ltr'>quio</span> <span class='ocrx_word' id='word_1_280' title='bbox 637 4629 746 4688; x_wconf 83' lang='lat' dir='ltr'>verae3</span> <span class='ocrx_word' id='word_1_281' title='bbox 784 4609 967 4688; x_wconf 77' lang='lat' dir='ltr'>veritatem,</span> <span class='ocrx_word' id='word_1_282' title='bbox 1006 4609 1092 4675; x_wconf 87' lang='lat' dir='ltr'>sicut</span> <span class='ocrx_word' id='word_1_283' title='bbox 1128 4609 1222 4677; x_wconf 85' lang='lat' dir='ltr'>dccet</span> <span class='ocrx_word' id='word_1_284' title='bbox 1258 4611 1344 4677; x_wconf 89' lang='lat' dir='ltr'>filios</span> 
     </span>
    </p>
   </div>
   <div class='ocr_carea' id='block_1_3' title="bbox 301 4709 1344 4800">
    <p class='ocr_par' dir='ltr' id='par_1_20' title="bbox 301 4709 1344 4800">
     <span class='ocr_line' id='line_1_38' title="bbox 301 4709 1344 4800; baseline 0.004 -22"><span class='ocrx_word' id='word_1_285' title='bbox 301 4712 460 4790; x_wconf 80' lang='lat' dir='ltr'>veritatis,</span> <span class='ocrx_word' id='word_1_286' title='bbox 483 4710 579 4778; x_wconf 90' lang='lat' dir='ltr'>nobis</span> <span class='ocrx_word' id='word_1_287' title='bbox 600 4715 638 4778; x_wconf 85' lang='lat' dir='ltr'>st</span> <span class='ocrx_word' id='word_1_288' title='bbox 665 4709 787 4778; x_wconf 86' lang='lat' dir='ltr'>nostris</span> <span class='ocrx_word' id='word_1_289' title='bbox 808 4712 1028 4800; x_wconf 73' lang='lat' dir='ltr'>praeferentes,</span> <span class='ocrx_word' id='word_1_290' title='bbox 1050 4713 1119 4780; x_wconf 86' lang='lat' dir='ltr'>cito</span> <span class='ocrx_word' id='word_1_291' title='bbox 1137 4719 1173 4780; x_wconf 87' lang='lat' dir='ltr'>et</span> <span class='ocrx_word' id='word_1_292' title='bbox 1194 4714 1236 4782; x_wconf 89' lang='lat' dir='ltr'>dc</span> <span class='ocrx_word' id='word_1_293' title='bbox 1256 4713 1344 4781; x_wconf 74' lang='lat' dir='ltr'>facili</span> 
     </span>
    </p>
   </div>
   <div class='ocr_carea' id='block_1_4' title="bbox 0 0 1761 5784">
    <p class='ocr_par' dir='ltr' id='par_1_21' title="bbox 0 0 1761 5784">
     <span class='ocr_line' id='line_1_39' title="bbox 0 0 1761 5784; baseline 0 0"><span class='ocrx_word' id='word_1_294' title='bbox 0 0 1761 5784; x_wconf 95' lang='lat' dir='ltr'> </span> 
     </span>
    </p>
   </div>
  </div>
 </body>
</html>
