3500 5784
713 865 894 919 nemmem
1266 853 1330 918 255

282 1041 429 1130 gestione
451 1037 549 1127 hujus
571 1039 697 1126 negotii
718 1040 890 1106 evidenter
904 1039 1008 1121 sensi3
1029 1060 1114 1122 anm,
1128 1039 1215 1106 sieut
1236 1061 1335 1128 supra

283 1143 365 1223 dini,
389 1144 495 1209 omnis
516 1141 696 1208 multitudo
718 1143 881 1229 majorum
906 1148 942 1208 et
970 1143 1136 1208 minorum
1157 1148 1243 1208 esset
1263 1143 1334 1228 jam

284 1251 399 1314 eontra
431 1268 484 1312 me
517 1246 611 1332 quasi
647 1249 763 1312 eontra
793 1245 1034 1312 malefactorem
1064 1264 1134 1311 non
1169 1245 1335 1312 modicum

284 1352 448 1416 eommota
469 1353 504 1416 et
527 1348 698 1414 eonoitata

329 1451 478 1516 Seoundo
515 1455 635 1530 antem,
674 1449 762 1536 quod
799 1450 828 1515 si
864 1449 1105 1537 praenominati,
1139 1448 1212 1537 jam
1244 1448 1335 1516 senio

284 1552 424 1620 eonfeoti
453 1557 488 1618 et
517 1552 684 1619 laboribus
705 1571 773 1618 non
795 1554 927 1634 assueti,
949 1554 986 1618 in
1015 1547 1137 1618 itinere
1159 1550 1247 1640 qnod
1264 1553 1335 1638 jam

284 1655 428 1743 arripere
449 1655 649 1742 inceperant,
672 1655 709 1720 in
730 1655 802 1722 fata
824 1653 1027 1736 deeederent‚
1051 1656 1138 1722 siout
1158 1654 1337 1721 verisimile

284 1763 343 1838 est,
366 1757 422 1824 vel
443 1757 548 1845 magis
570 1759 636 1824 fere
659 1763 783 1824 eertum
814 1763 876 1841 eet,
898 1758 988 1845 quod
1019 1757 1081 1825 hoo
1113 1758 1273 1840 aonideret
1295 1757 1336 1824 de

188 1947 191 1952 Ι
284 1861 434 1948 pluribus
456 1857 756 1940 eorum,'unive1sa
781 1861 904 1949 Anglia
925 1861 1121 1928 declamaret
1142 1880 1195 1926 me
1217 1858 1335 1926 talium

284 1970 354 2030 tam
376 1963 616 2030 venerabilium
644 1969 880 2051 tantorumque
900 1965 1047 2030 virorum
1077 1963 1336 2030 crudelissimum
1370 2001 1373 2004 ·

285 2067 466 2134 eoeieorem.

331 2169 450 2249 Tertio,
466 2167 554 2256 quod
576 2169 605 2234 si
627 2191 686 2257 pro
708 2169 872 2236 libertatis
894 2169 1013 2235 umbra
1034 2165 1177 2256 quedam
1198 2175 1233 2235 et
1254 2166 1336 2235 salso

286 2273 426 2350 nomina,
449 2293 533 2339 aaeoa
554 2271 640 2360 pulsi
662 2273 820 2352 vanitate,
843 2273 880 2337 in
905 2273 1087 2359 perieulum
1109 2273 1190 2338 ritae
1211 2277 1336 2359 tempo-

286 2375 365 2440 ralis
402 2397 437 2440 se
473 2375 736 2462 inoireumspeete
780 2375 1035 2463 praecipitarent,
1073 2375 1117 2442 ed
1161 2377 1259 2462 qnod,
1297 2381 1337 2442 nt

287 2477 471 2556 videbatur,
503 2481 598 2544 erent
619 2471 816 2564 pronissimi,
839 2477 876 2542 in
899 2496 1057 2566 magnum
1079 2478 1253 2546 discrimen
1275 2479 1337 2545 hoe

286 2579 431 2646 facerent
453 2583 587 2646 aetemae
609 2579 724 2645 salutis
746 2579 933 2646 animarum
955 2601 1104 2673 suarum:
1128 2582 1217 2668 quod
1239 2581 1337 2646 nimi-

287 2701 362 2748 rum
405 2681 489 2746 mihi
524 2681 693 2747 videretur
729 2681 948 2760 durissimum,
986 2683 1064 2749 dare
1100 2682 1253 2751 videlieet
1288 2685 1337 2752 eis

287 2785 485 2850 occasionem
530 2783 754 2871 perialitandae
793 2784 919 2864 salutis,
956 2803 1017 2872 pro
1054 2805 1194 2873 quorum
1231 2789 1337 2854 salute

287 2887 426 2974 ipsemet
449 2893 564 2954 teneor
585 2887 725 2975 quodvis
746 2887 927 2974 temporalo
947 2888 1059 2955 subire
1080 2886 1270 2978 pericnlum.

333 2991 387 3058 Ex
424 2995 519 3078 parte
554 2996 666 3057 autem
703 2990 768 3056 alia
805 2991 1007 3058 eonsideravi
1043 2994 1159 3062 melius
1197 3017 1266 3063 esse
1302 3000 1505 3064 etlieewneon

288 3094 393 3180 magis
414 3091 601 3180 eligendum
635 3093 724 3179 quod
757 3094 947 3160 seandalnm
972 3097 1104 3177 oriatur,
1127 3119 1227 3186 quam
1248 3069 1474 3189 quodfffef’the‘

289 3195 412 3263 veritas
434 3196 615 3278 moriatur3
645 3215 706 3262 neo
736 3196 959 3263 omittendum
989 3219 1060 3266 esse
1091 3202 1268 3268 veritatem
1302 3205 1338 3269 et

283 3299 429 3366 ,salutem
451 3299 637 3364 animarem
659 3299 787 3388 operari
817 3321 876 3386 per
901 3300 1189 3388 exprobrationem
1214 3303 1336 3394 populi,

288 3401 343 3467 vel
365 3401 467 3467 etiam
482 3419 751 3489 quorumeunque
766 3401 965 3488 sapientium
986 3405 1184 3491 sapientiam
1206 3407 1339 3485 mundi:

290 3523 365 3568 eum
388 3503 551 3570 Dominus
573 3503 664 3569 dieat
684 3523 745 3569 nos
768 3503 875 3570 beatos
891 3503 969 3591 sore
991 3526 1071 3573 eam
1092 3505 1499 3577 emmeramensem

290 3604 389 3672 nobis
422 3604 575 3672 hormines
610 3611 645 3672 et
680 3605 955 3693 exprobraverint
990 3613 1026 3674 et
1056 3607 1211 3677 diarmait
1240 3632 1339 3681 ornae
1353 3587 1391 3636 ¹¹⁰

290 3707 425 3775 molem
454 3707 617 3776 admorsae
646 3725 709 3775 noe
738 3709 946 3791 measa,
972 3719 1113 3799 propter
1140 3711 1253 3782 Illam
1281 3717 1340 3803 qui

290 3811 413 3878 veritas
446 3815 505 3890 est,
538 3811 595 3899 qui
627 3815 661 3878 et
694 3813 798 3878 erneis
820 3811 1042 3879 oonsnsionem
1071 3835 1186 3902 pessus
1208 3823 1260 3886 est
1280 3837 1340 3908 pro

291 3915 398 3980 salum
430 3913 631 3980 animarumr
666 3914 773 4002 magis
810 3931 940 4002 quoqne
976 3917 1235 4004 permittendum
1271 3942 1340 3989 esse

291 4017 459 4104 pauciores
491 4013 698 4104 praeeipitare
735 4039 770 4083 se
806 4017 839 4082 in
880 4015 1063 4103 discrimen,
1097 4039 1197 4108 quarn
1233 4025 1341 4092 multo

290 4119 401 4207 plures
434 4138 494 4208 pro
527 4119 657 4187 defeotu
687 4118 869 4208 disciplinae
907 4121 1131 4192 aoolaiaeoae
1167 4125 1274 4214 perire
1304 4125 1342 4193 in

290 4227 467 4310 porterum.
563 4289 566 4294 .

338 4324 532 4392 Suadebant
568 4325 679 4412 itaque
713 4323 870 4413 predicta
913 4327 1181 4396 inoonrenientia
1222 4335 1263 4397 ut
1300 4330 1342 4398 ab
1353 4341 1395 4392 He
1405 4342 1490 4393 athst

292 4427 439 4514 inooepto
473 4427 678 4493 desisterem:
717 4427 774 4494 eod
810 4447 853 4495 ex
890 4437 984 4516 parte
1021 4431 1088 4498 alia
1123 4433 1230 4500 multo
1267 4409 1503 4523 pluep‘·eferreda

292 4531 456 4617 urgebant
491 4529 615 4596 veritas
651 4535 686 4596 et
722 4530 810 4596 salus
855 4532 1039 4598 animarum
1082 4539 1122 4600 ut
1158 4536 1341 4625 inaoeptum
1353 4477 1449 4608 ἓξὲξ,

292 4652 510 4721 persequerer.
556 4631 651 4698 Inter
687 4630 746 4697 has
783 4633 898 4721 itaque
931 4635 1099 4723 angrmtiaa
1132 4636 1343 4708 vehementer

293 4735 492 4806 constrictus
524 4729 669 4823 cogitavi
699 4731 824 4804 bonum
857 4759 927 4806 esee
960 4739 1106 4810 medium
1137 4742 1280 4833 aliquod,
1313 4744 1343 4814 si
