<?xml version="1.0" encoding="UTF-8"?>
<!DOCTYPE html PUBLIC "-//W3C//DTD XHTML 1.0 Transitional//EN"
    "http://www.w3.org/TR/xhtml1/DTD/xhtml1-transitional.dtd">
<html xmlns="http://www.w3.org/1999/xhtml" xml:lang="en" lang="en">
 <head>
  <title>
</title>
<meta http-equiv="Content-Type" content="text/html;charset=utf-8" />
  <meta name='ocr-system' content='tesseract 3.04.00' />
  <meta name='ocr-capabilities' content='ocr_page ocr_carea ocr_par ocr_line ocrx_word'/>
</head>
<body>
  <div class='ocr_page' id='page_1' title='image "./robertigrossete00luargoog_0569.png"; bbox 0 0 3500 5784; ppageno 0'>
   <div class='ocr_carea' id='block_1_1' title="bbox 450 824 1178 893">
    <p class='ocr_par' dir='ltr' id='par_1_1' title="bbox 450 824 1178 893">
     <span class='ocr_line' id='line_1_1' title="bbox 450 824 1178 893; baseline 0 -2"><span class='ocrx_word' id='word_1_1' title='bbox 450 824 518 893; x_wconf 75' lang='lat'><strong>426</strong></span> <span class='ocrx_word' id='word_1_2' title='bbox 777 838 926 891; x_wconf 80' lang='lat' dir='ltr'><strong>nonrerr</strong></span> <span class='ocrx_word' id='word_1_3' title='bbox 946 837 1178 891; x_wconf 73' lang='lat' dir='ltr'><strong>poossumus</strong></span> 
     </span>
    </p>
   </div>
   <div class='ocr_carea' id='block_1_2' title="bbox 266 1016 1583 4285">
    <p class='ocr_par' dir='ltr' id='par_1_2' title="bbox 266 1016 1583 4283">
     <span class='ocr_line' id='line_1_2' title="bbox 449 1016 1503 1105; baseline 0.007 -23"><span class='ocrx_word' id='word_1_4' title='bbox 449 1017 570 1085; x_wconf 84' lang='lat' dir='ltr'><strong>delicte</strong></span> <span class='ocrx_word' id='word_1_5' title='bbox 605 1017 778 1105; x_wconf 74' lang='lat' dir='ltr'>plusquam</span> <span class='ocrx_word' id='word_1_6' title='bbox 811 1018 932 1085; x_wconf 86' lang='lat' dir='ltr'><strong>delicte</strong></span> <span class='ocrx_word' id='word_1_7' title='bbox 970 1018 1137 1085; x_wconf 89' lang='lat' dir='ltr'><strong>minorum</strong></span> <span class='ocrx_word' id='word_1_8' title='bbox 1169 1016 1342 1085; x_wconf 82' lang='lat' dir='ltr'><strong>offendunt</strong></span> <span class='ocrx_word' id='word_1_9' title='bbox 1377 1018 1503 1089; x_wconf 76' lang='lat' dir='ltr'><strong>Deum</strong></span> 
     </span>
     <span class='ocr_line' id='line_1_3' title="bbox 448 1112 1583 1209; baseline 0.003 -23"><span class='ocrx_word' id='word_1_10' title='bbox 448 1121 668 1188; x_wconf 74' lang='lat' dir='ltr'><strong>dehonestant</strong></span> <span class='ocrx_word' id='word_1_11' title='bbox 698 1121 874 1202; x_wconf 80' lang='lat' dir='ltr'><strong>ecelesiam,</strong></span> <span class='ocrx_word' id='word_1_12' title='bbox 905 1125 942 1189; x_wconf 90' lang='lat' dir='ltr'><strong>et</strong></span> <span class='ocrx_word' id='word_1_13' title='bbox 963 1120 1176 1209; x_wconf 72' lang='lat' dir='ltr'>perniciosius</span> <span class='ocrx_word' id='word_1_14' title='bbox 1206 1120 1393 1209; x_wconf 80' lang='lat' dir='ltr'><strong>exemplum</strong></span> <span class='ocrx_word' id='word_1_15' title='bbox 1414 1144 1505 1209; x_wconf 81' lang='lat' dir='ltr'><strong>pree·</strong></span> <span class='ocrx_word' id='word_1_16' title='bbox 1574 1112 1583 1125; x_wconf 79' lang='grc'><strong>”</strong></span> 
     </span>
     <span class='ocr_line' id='line_1_4' title="bbox 448 1222 754 1291; baseline 0 -2"><span class='ocrx_word' id='word_1_17' title='bbox 448 1228 542 1291; x_wconf 89' lang='lat' dir='ltr'><strong>stant</strong></span> <span class='ocrx_word' id='word_1_18' title='bbox 563 1222 754 1290; x_wconf 87' lang='lat' dir='ltr'><strong>minoribus.</strong></span> 
     </span>
     <span class='ocr_line' id='line_1_5' title="bbox 280 1324 1502 1413; baseline 0.002 -22"><span class='ocrx_word' id='word_1_19' title='bbox 280 1340 352 1393; x_wconf 73' lang='lat' dir='ltr'><strong>uren</strong></span> <span class='ocrx_word' id='word_1_20' title='bbox 493 1325 718 1391; x_wconf 87' lang='lat' dir='ltr'><strong>Ponaturt</strong></span> <span class='ocrx_word' id='word_1_21' title='bbox 684 1324 785 1391; x_wconf 88' lang='lat' dir='ltr'><strong>etiem</strong></span> <span class='ocrx_word' id='word_1_22' title='bbox 829 1324 919 1411; x_wconf 85' lang='lat' dir='ltr'><strong>quod</strong></span> <span class='ocrx_word' id='word_1_23' title='bbox 955 1347 1068 1391; x_wconf 86' lang='lat' dir='ltr'><strong>omnes</strong></span> <span class='ocrx_word' id='word_1_24' title='bbox 1099 1346 1246 1413; x_wconf 81' lang='lat' dir='ltr'><strong>personae</strong></span> <span class='ocrx_word' id='word_1_25' title='bbox 1282 1326 1325 1393; x_wconf 88' lang='lat' dir='ltr'><strong>de</strong></span> <span class='ocrx_word' id='word_1_26' title='bbox 1352 1326 1502 1413; x_wconf 82' lang='lat' dir='ltr'><strong>ospitulo</strong></span> 
     </span>
     <span class='ocr_line' id='line_1_6' title="bbox 280 1412 1502 1543; baseline 0.003 -52"><span class='ocrx_word' id='word_1_27' title='bbox 280 1412 406 1543; x_wconf 57' lang='lat' dir='ltr'><strong>ffiffi.</strong></span> <span class='ocrx_word' id='word_1_28' title='bbox 447 1448 573 1515; x_wconf 80' lang='lat' dir='ltr'><strong>semper</strong></span> <span class='ocrx_word' id='word_1_29' title='bbox 595 1428 704 1495; x_wconf 86' lang='lat' dir='ltr'><strong>forent</strong></span> <span class='ocrx_word' id='word_1_30' title='bbox 733 1427 981 1508; x_wconf 75' lang='lat' dir='ltr'><strong>honestissimo,</strong></span> <span class='ocrx_word' id='word_1_31' title='bbox 1004 1428 1110 1495; x_wconf 87' lang='lat' dir='ltr'><strong>adbuc</strong></span> <span class='ocrx_word' id='word_1_32' title='bbox 1130 1435 1265 1516; x_wconf 82' lang='lat' dir='ltr'><strong>egerent</strong></span> <span class='ocrx_word' id='word_1_33' title='bbox 1285 1429 1502 1511; x_wconf 87' lang='lat' dir='ltr'><strong>visitatione;</strong></span> 
     </span>
     <span class='ocr_line' id='line_1_7' title="bbox 280 1530 1500 1619; baseline 0.008 -28.133"><span class='ocrx_word' id='word_1_34' title='bbox 280 1544 344 1592; x_wconf 73' lang='grc' dir='ltr'><strong>ιιιι</strong></span> <span class='ocrx_word' id='word_1_35' title='bbox 306 1559 418 1609; x_wconf 57' lang='grc' dir='ltr'><strong>ιιιιςο</strong></span> <span class='ocrx_word' id='word_1_36' title='bbox 447 1530 600 1619; x_wconf 87' lang='lat' dir='ltr'><strong>possibile</strong></span> <span class='ocrx_word' id='word_1_37' title='bbox 630 1536 681 1597; x_wconf 85' lang='lat' dir='ltr'><strong>est</strong></span> <span class='ocrx_word' id='word_1_38' title='bbox 714 1552 854 1617; x_wconf 89' lang='lat' dir='ltr'><strong>namque</strong></span> <span class='ocrx_word' id='word_1_39' title='bbox 888 1552 944 1597; x_wconf 84' lang='lat' dir='ltr'><strong>ees</strong></span> <span class='ocrx_word' id='word_1_40' title='bbox 974 1530 1170 1617; x_wconf 69' lang='lat' dir='ltr'>delinquere„</span> <span class='ocrx_word' id='word_1_41' title='bbox 1214 1530 1353 1619; x_wconf 75' lang='lat' dir='ltr'><strong>Sapiens</strong></span> <span class='ocrx_word' id='word_1_42' title='bbox 1382 1536 1500 1601; x_wconf 83' lang='lat' dir='ltr'><strong>autem</strong></span> 
     </span>
     <span class='ocr_line' id='line_1_8' title="bbox 278 1608 1500 1743; baseline 0.003 -47.003"><span class='ocrx_word' id='word_1_43' title='bbox 278 1608 411 1743; x_wconf 52' lang='lat' dir='ltr'><strong>uim</strong></span> <span class='ocrx_word' id='word_1_44' title='bbox 447 1633 592 1699; x_wconf 89' lang='lat' dir='ltr'><strong>medicus</strong></span> <span class='ocrx_word' id='word_1_45' title='bbox 623 1654 691 1699; x_wconf 86' lang='lat' dir='ltr'><strong>uon</strong></span> <span class='ocrx_word' id='word_1_46' title='bbox 724 1631 829 1698; x_wconf 89' lang='lat' dir='ltr'><strong>solum</strong></span> <span class='ocrx_word' id='word_1_47' title='bbox 852 1632 970 1701; x_wconf 86' lang='lat' dir='ltr'><strong>visitat</strong></span> <span class='ocrx_word' id='word_1_48' title='bbox 1000 1638 1209 1721; x_wconf 63' lang='lat' dir='ltr'><strong>{egrotantes</strong></span> <span class='ocrx_word' id='word_1_49' title='bbox 1242 1634 1302 1701; x_wconf 87' lang='lat' dir='ltr'><strong>sed</strong></span> <span class='ocrx_word' id='word_1_50' title='bbox 1334 1639 1369 1700; x_wconf 92' lang='lat' dir='ltr'><strong>et</strong></span> <span class='ocrx_word' id='word_1_51' title='bbox 1397 1656 1500 1701; x_wconf 90' lang='lat' dir='ltr'><strong>sanos</strong></span> 
     </span>
     <span class='ocr_line' id='line_1_9' title="bbox 278 1736 1498 1824; baseline -0.003 -18"><span class='ocrx_word' id='word_1_52' title='bbox 278 1758 311 1806; x_wconf 86' lang='lat' dir='ltr'><strong>s⁰</strong></span> <span class='ocrx_word' id='word_1_53' title='bbox 322 1759 418 1811; x_wconf 66' lang='grc' dir='ltr'><strong>ιι,ιοιε</strong></span> <span class='ocrx_word' id='word_1_54' title='bbox 447 1757 515 1801; x_wconf 81' lang='lat' dir='ltr'><strong>sure</strong></span> <span class='ocrx_word' id='word_1_55' title='bbox 537 1756 624 1802; x_wconf 71' lang='lat' dir='ltr'><strong>curm</strong></span> <span class='ocrx_word' id='word_1_56' title='bbox 646 1736 841 1813; x_wconf 85' lang='lat' dir='ltr'><strong>commissos,</strong></span> <span class='ocrx_word' id='word_1_57' title='bbox 863 1741 903 1801; x_wconf 92' lang='lat' dir='ltr'><strong>ut</strong></span> <span class='ocrx_word' id='word_1_58' title='bbox 924 1758 983 1823; x_wconf 86' lang='lat' dir='ltr'><strong>per</strong></span> <span class='ocrx_word' id='word_1_59' title='bbox 1004 1737 1203 1803; x_wconf 80' lang='lat' dir='ltr'><strong>medicinam</strong></span> <span class='ocrx_word' id='word_1_60' title='bbox 1223 1736 1498 1824; x_wconf 53' lang='lat' dir='ltr'><strong>praeservativum</strong></span> 
     </span>
     <span class='ocr_line' id='line_1_10' title="bbox 277 1810 1499 1957; baseline 0.002 -55"><span class='ocrx_word' id='word_1_61' title='bbox 277 1810 488 1957; x_wconf 50' lang='lat' dir='ltr'><strong>{onssffieob</strong></span> <span class='ocrx_word' id='word_1_62' title='bbox 526 1838 722 1925; x_wconf 71' lang='lat' dir='ltr'><strong>aegritudine</strong></span> <span class='ocrx_word' id='word_1_63' title='bbox 760 1844 794 1905; x_wconf 90' lang='lat' dir='ltr'><strong>et</strong></span> <span class='ocrx_word' id='word_1_64' title='bbox 831 1838 987 1905; x_wconf 85' lang='lat' dir='ltr'><strong>sanitatis</strong></span> <span class='ocrx_word' id='word_1_65' title='bbox 1023 1840 1293 1915; x_wconf 80' lang='lat' dir='ltr'><strong>conservativum,</strong></span> <span class='ocrx_word' id='word_1_66' title='bbox 1318 1839 1499 1907; x_wconf 84' lang='lat' dir='ltr'><strong>sanitatem</strong></span> 
     </span>
     <span class='ocr_line' id='line_1_11' title="bbox 278 1940 1497 2029; baseline 0.014 -36.37"><span class='ocrx_word' id='word_1_67' title='bbox 278 1942 404 1997; x_wconf 71' lang='lat' dir='ltr'><strong>visitator</strong></span> <span class='ocrx_word' id='word_1_68' title='bbox 446 1940 563 2007; x_wconf 89' lang='lat' dir='ltr'><strong>reddat</strong></span> <span class='ocrx_word' id='word_1_69' title='bbox 584 1942 792 2007; x_wconf 82' lang='lat' dir='ltr'><strong>stabiliorem.</strong></span> <span class='ocrx_word' id='word_1_70' title='bbox 839 1940 895 2007; x_wconf 86' lang='lat' dir='ltr'><strong>Sic</strong></span> <span class='ocrx_word' id='word_1_71' title='bbox 916 1945 952 2007; x_wconf 91' lang='lat' dir='ltr'><strong>et</strong></span> <span class='ocrx_word' id='word_1_72' title='bbox 972 1942 1329 2029; x_wconf 78' lang='lat' dir='ltr'><strong>praelstrmanimarum</strong></span> <span class='ocrx_word' id='word_1_73' title='bbox 1349 1943 1497 2011; x_wconf 71' lang='lat' dir='ltr'><strong>medicum</strong></span> 
     </span>
     <span class='ocr_line' id='line_1_12' title="bbox 276 2008 1499 2145; baseline 0.004 -38"><span class='ocrx_word' id='word_1_74' title='bbox 276 2008 432 2145; x_wconf 48' lang='lat' dir='ltr'><strong>ffifflghp</strong></span> <span class='ocrx_word' id='word_1_75' title='bbox 445 2064 511 2108; x_wconf 93' lang='lat' dir='ltr'><strong>non</strong></span> <span class='ocrx_word' id='word_1_76' title='bbox 533 2044 637 2109; x_wconf 91' lang='lat' dir='ltr'><strong>solum</strong></span> <span class='ocrx_word' id='word_1_77' title='bbox 659 2044 776 2109; x_wconf 88' lang='lat' dir='ltr'><strong>visitet</strong></span> <span class='ocrx_word' id='word_1_78' title='bbox 807 2043 1000 2130; x_wconf 80' lang='lat' dir='ltr'><strong>spiritaliter</strong></span> <span class='ocrx_word' id='word_1_79' title='bbox 1032 2048 1239 2130; x_wconf 55' lang='lat' dir='ltr'><strong>metentes,</strong></span> <span class='ocrx_word' id='word_1_80' title='bbox 1262 2043 1321 2109; x_wconf 88' lang='lat' dir='ltr'><strong>sed</strong></span> <span class='ocrx_word' id='word_1_81' title='bbox 1352 2044 1499 2130; x_wconf 83' lang='lat' dir='ltr'><strong>spiritali</strong></span> 
     </span>
     <span class='ocr_line' id='line_1_13' title="bbox 443 2144 1496 2232; baseline 0.002 -21"><span class='ocrx_word' id='word_1_82' title='bbox 443 2144 587 2212; x_wconf 87' lang='lat' dir='ltr'><strong>sanitate</strong></span> <span class='ocrx_word' id='word_1_83' title='bbox 608 2146 767 2232; x_wconf 83' lang='lat' dir='ltr'><strong>vigentes,</strong></span> <span class='ocrx_word' id='word_1_84' title='bbox 792 2148 832 2210; x_wconf 87' lang='lat' dir='ltr'><strong>ut</strong></span> <span class='ocrx_word' id='word_1_85' title='bbox 857 2144 1002 2231; x_wconf 88' lang='lat' dir='ltr'><strong>spiritali</strong></span> <span class='ocrx_word' id='word_1_86' title='bbox 1033 2144 1420 2232; x_wconf 81' lang='lat' dir='ltr'><strong>medicina¹p1aeservet</strong></span> <span class='ocrx_word' id='word_1_87' title='bbox 1450 2148 1496 2213; x_wconf 87' lang='lat' dir='ltr'><strong>ab</strong></span> 
     </span>
     <span class='ocr_line' id='line_1_14' title="bbox 442 2246 1494 2333; baseline 0.002 -20"><span class='ocrx_word' id='word_1_88' title='bbox 442 2246 639 2333; x_wconf 82' lang='lat' dir='ltr'><strong>aegritudine</strong></span> <span class='ocrx_word' id='word_1_89' title='bbox 671 2246 785 2311; x_wconf 76' lang='lat' dir='ltr'><strong>furturo</strong></span> <span class='ocrx_word' id='word_1_90' title='bbox 815 2250 850 2311; x_wconf 89' lang='lat' dir='ltr'><strong>et</strong></span> <span class='ocrx_word' id='word_1_91' title='bbox 883 2246 1055 2313; x_wconf 87' lang='lat' dir='ltr'><strong>inventam</strong></span> <span class='ocrx_word' id='word_1_92' title='bbox 1087 2248 1266 2315; x_wconf 81' lang='lat' dir='ltr'><strong>sanitatem</strong></span> <span class='ocrx_word' id='word_1_93' title='bbox 1297 2248 1415 2315; x_wconf 84' lang='lat' dir='ltr'><strong>reddat</strong></span> <span class='ocrx_word' id='word_1_94' title='bbox 1436 2250 1494 2315; x_wconf 84' lang='lat' dir='ltr'><strong>iir-</strong></span> 
     </span>
     <span class='ocr_line' id='line_1_15' title="bbox 442 2350 1493 2437; baseline 0.006 -22"><span class='ocrx_word' id='word_1_95' title='bbox 442 2352 584 2417; x_wconf 89' lang='lat' dir='ltr'><strong>mioreni.</strong></span> <span class='ocrx_word' id='word_1_96' title='bbox 631 2350 749 2416; x_wconf 85' lang='lat' dir='ltr'><strong>Ett</strong></span> <span class='ocrx_word' id='word_1_97' title='bbox 710 2354 749 2417; x_wconf 88' lang='lat' dir='ltr'><strong>ut</strong></span> <span class='ocrx_word' id='word_1_98' title='bbox 780 2372 852 2417; x_wconf 87' lang='lat' dir='ltr'><strong>cem</strong></span> <span class='ocrx_word' id='word_1_99' title='bbox 883 2350 1088 2437; x_wconf 82' lang='lat' dir='ltr'><strong>producet</strong></span> <span class='ocrx_word' id='word_1_100' title='bbox 1078 2373 1117 2417; x_wconf 89' lang='grc' dir='ltr'><strong>ιιι</strong></span> <span class='ocrx_word' id='word_1_101' title='bbox 1148 2352 1264 2431; x_wconf 87' lang='lat' dir='ltr'><strong>lucem,</strong></span> <span class='ocrx_word' id='word_1_102' title='bbox 1287 2374 1362 2419; x_wconf 88' lang='lat' dir='ltr'><strong>cum</strong></span> <span class='ocrx_word' id='word_1_103' title='bbox 1395 2375 1434 2419; x_wconf 86' lang='lat' dir='ltr'><strong>ea</strong></span> <span class='ocrx_word' id='word_1_104' title='bbox 1455 2355 1493 2421; x_wconf 88' lang='lat' dir='ltr'><strong>io</strong></span> 
     </span>
     <span class='ocr_line' id='line_1_16' title="bbox 440 2452 1492 2539; baseline 0.004 -22"><span class='ocrx_word' id='word_1_105' title='bbox 440 2453 511 2518; x_wconf 84' lang='lat' dir='ltr'><strong>lure</strong></span> <span class='ocrx_word' id='word_1_106' title='bbox 544 2455 704 2539; x_wconf 87' lang='lat' dir='ltr'><strong>producta</strong></span> <span class='ocrx_word' id='word_1_107' title='bbox 734 2474 806 2518; x_wconf 79' lang='lat' dir='ltr'><strong>eom</strong></span> <span class='ocrx_word' id='word_1_108' title='bbox 838 2452 1074 2539; x_wconf 76' lang='lat' dir='ltr'><strong>aspicientibus</strong></span> <span class='ocrx_word' id='word_1_109' title='bbox 1105 2454 1151 2520; x_wconf 93' lang='lat' dir='ltr'><strong>sit</strong></span> <span class='ocrx_word' id='word_1_110' title='bbox 1172 2453 1288 2521; x_wconf 72' lang='lat' dir='ltr'><strong>effimx</strong></span> <span class='ocrx_word' id='word_1_111' title='bbox 1320 2456 1492 2535; x_wconf 83' lang='lat' dir='ltr'><strong>medicina,</strong></span> 
     </span>
     <span class='ocr_line' id='line_1_17' title="bbox 440 2554 1494 2643; baseline 0.005 -23"><span class='ocrx_word' id='word_1_112' title='bbox 440 2561 630 2643; x_wconf 73' lang='lat' dir='ltr'><strong>quantoque</strong></span> <span class='ocrx_word' id='word_1_113' title='bbox 652 2554 790 2641; x_wconf 77' lang='lat' dir='ltr'><strong>majores</strong></span> <span class='ocrx_word' id='word_1_114' title='bbox 812 2561 893 2620; x_wconf 90' lang='lat' dir='ltr'><strong>sunt</strong></span> <span class='ocrx_word' id='word_1_115' title='bbox 923 2556 981 2641; x_wconf 92' lang='lat' dir='ltr'><strong>qui</strong></span> <span class='ocrx_word' id='word_1_116' title='bbox 1011 2578 1071 2642; x_wconf 90' lang='lat' dir='ltr'><strong>per</strong></span> <span class='ocrx_word' id='word_1_117' title='bbox 1092 2556 1340 2623; x_wconf 77' lang='lat' dir='ltr'><strong>visitationem⁸</strong></span> <span class='ocrx_word' id='word_1_118' title='bbox 1361 2557 1494 2625; x_wconf 87' lang='lat' dir='ltr'><strong>inventi</strong></span> 
     </span>
     <span class='ocr_line' id='line_1_18' title="bbox 439 2658 1493 2745; baseline 0.002 -21"><span class='ocrx_word' id='word_1_119' title='bbox 439 2663 519 2725; x_wconf 87' lang='lat' dir='ltr'><strong>sunt</strong></span> <span class='ocrx_word' id='word_1_120' title='bbox 548 2658 748 2738; x_wconf 69' lang='lat' dir='ltr'><strong>renitente</strong></span> <span class='ocrx_word' id='word_1_121' title='bbox 781 2678 896 2723; x_wconf 88' lang='lat' dir='ltr'><strong>eorum</strong></span> <span class='ocrx_word' id='word_1_122' title='bbox 926 2658 1051 2723; x_wconf 77' lang='lat' dir='ltr'><strong>sanitas</strong></span> <span class='ocrx_word' id='word_1_123' title='bbox 1081 2658 1244 2725; x_wconf 82' lang='lat' dir='ltr'><strong>invente⁸</strong></span> <span class='ocrx_word' id='word_1_124' title='bbox 1266 2664 1302 2725; x_wconf 87' lang='lat' dir='ltr'><strong>et</strong></span> <span class='ocrx_word' id='word_1_125' title='bbox 1331 2682 1390 2745; x_wconf 88' lang='lat' dir='ltr'><strong>per</strong></span> <span class='ocrx_word' id='word_1_126' title='bbox 1412 2661 1493 2727; x_wconf 89' lang='lat' dir='ltr'><strong>visi·</strong></span> 
     </span>
     <span class='ocr_line' id='line_1_19' title="bbox 439 2757 1493 2851; baseline 0.003 -25"><span class='ocrx_word' id='word_1_127' title='bbox 439 2766 581 2827; x_wconf 86' lang='lat' dir='ltr'><strong>tatorem</strong></span> <span class='ocrx_word' id='word_1_128' title='bbox 615 2760 794 2849; x_wconf 81' lang='lat' dir='ltr'><strong>pmpelate,</strong></span> <span class='ocrx_word' id='word_1_129' title='bbox 816 2758 891 2823; x_wconf 84' lang='lat' dir='ltr'><strong>eliis</strong></span> <span class='ocrx_word' id='word_1_130' title='bbox 921 2757 1062 2827; x_wconf 87' lang='lat' dir='ltr'><strong>efficitur</strong></span> <span class='ocrx_word' id='word_1_131' title='bbox 1092 2764 1163 2825; x_wconf 79' lang='lat' dir='ltr'><strong>tem</strong></span> <span class='ocrx_word' id='word_1_132' title='bbox 1185 2761 1394 2847; x_wconf 67' lang='lat' dir='ltr'><strong>aegritudinis</strong></span> <span class='ocrx_word' id='word_1_133' title='bbox 1414 2786 1493 2851; x_wconf 89' lang='lat' dir='ltr'><strong>pur-</strong></span> 
     </span>
     <span class='ocr_line' id='line_1_20' title="bbox 439 2860 1491 2951; baseline 0.005 -22"><span class='ocrx_word' id='word_1_134' title='bbox 439 2864 555 2951; x_wconf 83' lang='lat' dir='ltr'><strong>gative</strong></span> <span class='ocrx_word' id='word_1_135' title='bbox 578 2885 675 2951; x_wconf 86' lang='lat' dir='ltr'><strong>qus-m</strong></span> <span class='ocrx_word' id='word_1_136' title='bbox 698 2860 852 2929; x_wconf 79' lang='lat' dir='ltr'><strong>sanitatis</strong></span> <span class='ocrx_word' id='word_1_137' title='bbox 866 2861 1118 2929; x_wconf 68' lang='lat' dir='ltr'><strong>conservative*</strong></span> <span class='ocrx_word' id='word_1_138' title='bbox 1139 2862 1299 2931; x_wconf 86' lang='lat' dir='ltr'><strong>efficacior</strong></span> <span class='ocrx_word' id='word_1_139' title='bbox 1320 2866 1491 2934; x_wconf 76' lang='lat' dir='ltr'><strong>medicina.</strong></span> 
     </span>
     <span class='ocr_line' id='line_1_21' title="bbox 441 2965 1492 3055; baseline 0.006 -24"><span class='ocrx_word' id='word_1_140' title='bbox 441 2966 639 3055; x_wconf 73' lang='lat' dir='ltr'><strong>Magnitudo</strong></span> <span class='ocrx_word' id='word_1_141' title='bbox 684 2965 788 3053; x_wconf 86' lang='lat' dir='ltr'><strong>igitur</strong></span> <span class='ocrx_word' id='word_1_142' title='bbox 832 2986 1103 3051; x_wconf 89' lang='lat' dir='ltr'><strong>quorumcunque</strong></span> <span class='ocrx_word' id='word_1_143' title='bbox 1139 2987 1208 3032; x_wconf 91' lang='lat' dir='ltr'><strong>non</strong></span> <span class='ocrx_word' id='word_1_144' title='bbox 1238 2970 1290 3033; x_wconf 86' lang='lat' dir='ltr'><strong>est</strong></span> <span class='ocrx_word' id='word_1_145' title='bbox 1325 2967 1412 3034; x_wconf 88' lang='lat' dir='ltr'><strong>ratio</strong></span> <span class='ocrx_word' id='word_1_146' title='bbox 1449 2976 1492 3037; x_wconf 88' lang='lat' dir='ltr'><strong>ut</strong></span> 
     </span>
     <span class='ocr_line' id='line_1_22' title="bbox 440 3066 1492 3154; baseline 0.006 -21"><span class='ocrx_word' id='word_1_147' title='bbox 440 3069 571 3135; x_wconf 79' lang='lat' dir='ltr'><strong>visitari</strong></span> <span class='ocrx_word' id='word_1_148' title='bbox 602 3090 671 3135; x_wconf 91' lang='lat' dir='ltr'><strong>non</strong></span> <span class='ocrx_word' id='word_1_149' title='bbox 702 3068 862 3147; x_wconf 85' lang='lat' dir='ltr'><strong>debeent;</strong></span> <span class='ocrx_word' id='word_1_150' title='bbox 900 3066 958 3133; x_wconf 89' lang='lat' dir='ltr'><strong>sed</strong></span> <span class='ocrx_word' id='word_1_151' title='bbox 989 3072 1220 3154; x_wconf 76' lang='lat' dir='ltr'><strong>argumentum</strong></span> <span class='ocrx_word' id='word_1_152' title='bbox 1249 3069 1492 3139; x_wconf 80' lang='lat' dir='ltr'><strong>validissimum</strong></span> 
     </span>
     <span class='ocr_line' id='line_1_23' title="bbox 442 3168 1493 3260; baseline 0.006 -23"><span class='ocrx_word' id='word_1_153' title='bbox 442 3172 529 3258; x_wconf 92' lang='lat' dir='ltr'><strong>quod</strong></span> <span class='ocrx_word' id='word_1_154' title='bbox 551 3194 619 3260; x_wconf 74' lang='lat' dir='ltr'><strong>prae</strong></span> <span class='ocrx_word' id='word_1_155' title='bbox 642 3170 715 3236; x_wconf 83' lang='lat' dir='ltr'><strong>eliis</strong></span> <span class='ocrx_word' id='word_1_156' title='bbox 736 3169 867 3235; x_wconf 70' lang='lat' dir='ltr'><strong>visitari</strong></span> <span class='ocrx_word' id='word_1_157' title='bbox 888 3168 1040 3235; x_wconf 84' lang='lat' dir='ltr'><strong>debeant.</strong></span> <span class='ocrx_word' id='word_1_158' title='bbox 1084 3170 1122 3239; x_wconf 83' lang='lat' dir='ltr'><strong>si</strong></span> <span class='ocrx_word' id='word_1_159' title='bbox 1136 3170 1324 3238; x_wconf 86' lang='lat' dir='ltr'><strong>libertatem</strong></span> <span class='ocrx_word' id='word_1_160' title='bbox 1345 3173 1493 3260; x_wconf 74' lang='lat' dir='ltr'><strong>megene</strong></span> 
     </span>
     <span class='ocr_line' id='line_1_24' title="bbox 441 3272 1492 3356; baseline 0.002 -15"><span class='ocrx_word' id='word_1_161' title='bbox 441 3280 481 3341; x_wconf 89' lang='lat' dir='ltr'><strong>ut</strong></span> <span class='ocrx_word' id='word_1_162' title='bbox 512 3297 580 3341; x_wconf 91' lang='lat' dir='ltr'><strong>non</strong></span> <span class='ocrx_word' id='word_1_163' title='bbox 612 3272 798 3351; x_wconf 86' lang='lat' dir='ltr'><strong>visitentur,</strong></span> <span class='ocrx_word' id='word_1_164' title='bbox 832 3292 945 3356; x_wconf 80' lang='lat' dir='ltr'><strong>quaero</strong></span> <span class='ocrx_word' id='word_1_165' title='bbox 978 3277 1091 3339; x_wconf 89' lang='lat' dir='ltr'><strong>utrum</strong></span> <span class='ocrx_word' id='word_1_166' title='bbox 1121 3293 1200 3339; x_wconf 86' lang='lat' dir='ltr'><strong>oves</strong></span> <span class='ocrx_word' id='word_1_167' title='bbox 1230 3274 1301 3341; x_wconf 89' lang='lat' dir='ltr'><strong>sint</strong></span> <span class='ocrx_word' id='word_1_168' title='bbox 1321 3274 1492 3343; x_wconf 75' lang='lat' dir='ltr'><strong>liberiores</strong></span> 
     </span>
     <span class='ocr_line' id='line_1_25' title="bbox 440 3372 1489 3465; baseline 0.002 -24"><span class='ocrx_word' id='word_1_169' title='bbox 440 3400 514 3464; x_wconf 88' lang='lat' dir='ltr'><strong>quse</strong></span> <span class='ocrx_word' id='word_1_170' title='bbox 551 3399 573 3441; x_wconf 92' lang='lat' dir='ltr'><strong>a</strong></span> <span class='ocrx_word' id='word_1_171' title='bbox 606 3380 736 3464; x_wconf 79' lang='lat' dir='ltr'><strong>pastore</strong></span> <span class='ocrx_word' id='word_1_172' title='bbox 767 3372 957 3450; x_wconf 83' lang='lat' dir='ltr'><strong>visitentur,</strong></span> <span class='ocrx_word' id='word_1_173' title='bbox 991 3378 1161 3461; x_wconf 82' lang='lat' dir='ltr'><strong>reguntur,</strong></span> <span class='ocrx_word' id='word_1_174' title='bbox 1193 3382 1228 3441; x_wconf 92' lang='lat' dir='ltr'><strong>et</strong></span> <span class='ocrx_word' id='word_1_175' title='bbox 1260 3381 1489 3465; x_wconf 77' lang='lat' dir='ltr'><strong>proteguntur,</strong></span> 
     </span>
     <span class='ocr_line' id='line_1_26' title="bbox 438 3476 1492 3565; baseline 0.002 -20"><span class='ocrx_word' id='word_1_176' title='bbox 438 3502 481 3545; x_wconf 87' lang='lat' dir='ltr'><strong>en</strong></span> <span class='ocrx_word' id='word_1_177' title='bbox 513 3501 595 3565; x_wconf 83' lang='lat' dir='ltr'><strong>quae,</strong></span> <span class='ocrx_word' id='word_1_178' title='bbox 628 3483 667 3544; x_wconf 90' lang='lat' dir='ltr'><strong>ut</strong></span> <span class='ocrx_word' id='word_1_179' title='bbox 697 3476 790 3559; x_wconf 88' lang='lat' dir='ltr'><strong>libet,</strong></span> <span class='ocrx_word' id='word_1_180' title='bbox 812 3482 1018 3564; x_wconf 80' lang='lat' dir='ltr'><strong>evagenturl</strong></span> <span class='ocrx_word' id='word_1_181' title='bbox 1062 3476 1186 3563; x_wconf 80' lang='lat' dir='ltr'><strong>Angeli</strong></span> <span class='ocrx_word' id='word_1_182' title='bbox 1215 3478 1274 3563; x_wconf 91' lang='lat' dir='ltr'><strong>qui</strong></span> <span class='ocrx_word' id='word_1_183' title='bbox 1303 3480 1492 3546; x_wconf 86' lang='lat' dir='ltr'><strong>confirmati</strong></span> 
     </span>
     <span class='ocr_line' id='line_1_27' title="bbox 436 3578 1490 3668; baseline 0.002 -21"><span class='ocrx_word' id='word_1_184' title='bbox 436 3602 568 3668; x_wconf 81' lang='lat' dir='ltr'><strong>psocere</strong></span> <span class='ocrx_word' id='word_1_185' title='bbox 604 3600 671 3645; x_wconf 89' lang='lat' dir='ltr'><strong>non</strong></span> <span class='ocrx_word' id='word_1_186' title='bbox 708 3582 855 3667; x_wconf 86' lang='lat' dir='ltr'><strong>possunt,</strong></span> <span class='ocrx_word' id='word_1_187' title='bbox 894 3578 1047 3665; x_wconf 89' lang='lat' dir='ltr'><strong>nunquid</strong></span> <span class='ocrx_word' id='word_1_188' title='bbox 1083 3601 1152 3645; x_wconf 90' lang='lat' dir='ltr'><strong>non</strong></span> <span class='ocrx_word' id='word_1_189' title='bbox 1186 3585 1265 3645; x_wconf 87' lang='lat' dir='ltr'><strong>sunt</strong></span> <span class='ocrx_word' id='word_1_190' title='bbox 1298 3580 1490 3649; x_wconf 87' lang='lat' dir='ltr'><strong>bominibus</strong></span> 
     </span>
     <span class='ocr_line' id='line_1_28' title="bbox 435 3680 1489 3771; baseline 0 -22"><span class='ocrx_word' id='word_1_191' title='bbox 435 3684 600 3749; x_wconf 88' lang='lat' dir='ltr'><strong>liberiores</strong></span> <span class='ocrx_word' id='word_1_192' title='bbox 622 3683 681 3769; x_wconf 90' lang='lat' dir='ltr'><strong>qui</strong></span> <span class='ocrx_word' id='word_1_193' title='bbox 702 3702 834 3770; x_wconf 84' lang='lat' dir='ltr'><strong>poscere</strong></span> <span class='ocrx_word' id='word_1_194' title='bbox 856 3685 1017 3769; x_wconf 79' lang='lat' dir='ltr'><strong>possuntt</strong></span> <span class='ocrx_word' id='word_1_195' title='bbox 1060 3680 1108 3747; x_wconf 85' lang='lat' dir='ltr'><strong>Et</strong></span> <span class='ocrx_word' id='word_1_196' title='bbox 1137 3682 1167 3749; x_wconf 90' lang='lat' dir='ltr'><strong>si</strong></span> <span class='ocrx_word' id='word_1_197' title='bbox 1198 3684 1311 3770; x_wconf 84' lang='lat' dir='ltr'><strong>angeli</strong></span> <span class='ocrx_word' id='word_1_198' title='bbox 1331 3683 1392 3749; x_wconf 88' lang='lat' dir='ltr'><strong>hoc</strong></span> <span class='ocrx_word' id='word_1_199' title='bbox 1412 3684 1489 3771; x_wconf 86' lang='lat' dir='ltr'><strong>ipso</strong></span> 
     </span>
     <span class='ocr_line' id='line_1_29' title="bbox 434 3783 1491 3871; baseline 0.006 -20"><span class='ocrx_word' id='word_1_200' title='bbox 434 3790 514 3851; x_wconf 88' lang='lat' dir='ltr'><strong>sunt</strong></span> <span class='ocrx_word' id='word_1_201' title='bbox 535 3783 724 3851; x_wconf 85' lang='lat' dir='ltr'><strong>hominibus</strong></span> <span class='ocrx_word' id='word_1_202' title='bbox 745 3783 922 3863; x_wconf 79' lang='lat' dir='ltr'><strong>liberiores,</strong></span> <span class='ocrx_word' id='word_1_203' title='bbox 944 3806 1022 3871; x_wconf 80' lang='lat' dir='ltr'><strong>ergo</strong></span> <span class='ocrx_word' id='word_1_204' title='bbox 1042 3786 1130 3853; x_wconf 85' lang='lat' dir='ltr'><strong>inter</strong></span> <span class='ocrx_word' id='word_1_205' title='bbox 1158 3784 1307 3852; x_wconf 89' lang='lat' dir='ltr'><strong>homines</strong></span> <span class='ocrx_word' id='word_1_206' title='bbox 1336 3786 1387 3851; x_wconf 91' lang='lat' dir='ltr'><strong>illi</strong></span> <span class='ocrx_word' id='word_1_207' title='bbox 1407 3793 1491 3857; x_wconf 85' lang='lat' dir='ltr'><strong>sunt</strong></span> 
     </span>
     <span class='ocr_line' id='line_1_30' title="bbox 433 3885 1490 3975; baseline 0.004 -20"><span class='ocrx_word' id='word_1_208' title='bbox 433 3885 626 3956; x_wconf 80' lang='lat' dir='ltr'><strong>liberiores⁶</strong></span> <span class='ocrx_word' id='word_1_209' title='bbox 663 3889 720 3975; x_wconf 91' lang='lat' dir='ltr'><strong>qui</strong></span> <span class='ocrx_word' id='word_1_210' title='bbox 756 3910 777 3953; x_wconf 86' lang='lat' dir='ltr'><strong>e</strong></span> <span class='ocrx_word' id='word_1_211' title='bbox 814 3886 954 3975; x_wconf 83' lang='lat' dir='ltr'><strong>peccatis</strong></span> <span class='ocrx_word' id='word_1_212' title='bbox 986 3887 1096 3974; x_wconf 89' lang='lat' dir='ltr'><strong>plures</strong></span> <span class='ocrx_word' id='word_1_213' title='bbox 1129 3892 1164 3955; x_wconf 91' lang='lat' dir='ltr'><strong>et</strong></span> <span class='ocrx_word' id='word_1_214' title='bbox 1196 3888 1333 3974; x_wconf 87' lang='lat' dir='ltr'><strong>majores</strong></span> <span class='ocrx_word' id='word_1_215' title='bbox 1360 3888 1490 3961; x_wconf 82' lang='lat' dir='ltr'><strong>babent</strong></span> 
     </span>
     <span class='ocr_line' id='line_1_31' title="bbox 433 3990 939 4059; baseline -0.004 0"><span class='ocrx_word' id='word_1_216' title='bbox 433 3998 673 4059; x_wconf 79' lang='lat' dir='ltr'><strong>conservatores</strong></span> <span class='ocrx_word' id='word_1_217' title='bbox 694 3996 729 4057; x_wconf 93' lang='lat' dir='ltr'><strong>st</strong></span> <span class='ocrx_word' id='word_1_218' title='bbox 751 3990 939 4059; x_wconf 77' lang='lat' dir='ltr'><strong>coertiones</strong></span> 
     </span>
     <span class='ocr_line' id='line_1_32' title="bbox 266 4090 1488 4217; baseline 0.009 -65"><span class='ocrx_word' id='word_1_219' title='bbox 266 4100 403 4217; x_wconf 67' lang='lat' dir='ltr'><strong>ulmus</strong></span> <span class='ocrx_word' id='word_1_220' title='bbox 479 4095 743 4179; x_wconf 81' lang='lat' dir='ltr'><strong>Quotiescunque</strong></span> <span class='ocrx_word' id='word_1_221' title='bbox 780 4092 874 4158; x_wconf 89' lang='lat' dir='ltr'><strong>venit</strong></span> <span class='ocrx_word' id='word_1_222' title='bbox 912 4112 1082 4179; x_wconf 76' lang='lat' dir='ltr'><strong>episcopus</strong></span> <span class='ocrx_word' id='word_1_223' title='bbox 1118 4091 1161 4157; x_wconf 85' lang='lat' dir='ltr'><strong>ad</strong></span> <span class='ocrx_word' id='word_1_224' title='bbox 1194 4090 1361 4159; x_wconf 81' lang='lat' dir='ltr'><strong>ecclesiam</strong></span> <span class='ocrx_word' id='word_1_225' title='bbox 1390 4115 1488 4164; x_wconf 83' lang='lat' dir='ltr'><strong>suam</strong></span> 
     </span>
     <span class='ocr_line' id='line_1_33' title="bbox 359 4194 1488 4285; baseline 0.002 -22.142"><span class='ocrx_word' id='word_1_226' title='bbox 359 4198 475 4285; x_wconf 82' lang='lat' dir='ltr'><strong>tods</strong></span> <span class='ocrx_word' id='word_1_227' title='bbox 497 4196 607 4283; x_wconf 79' lang='lat' dir='ltr'><strong>aliquo</strong></span> <span class='ocrx_word' id='word_1_228' title='bbox 629 4196 699 4263; x_wconf 88' lang='lat' dir='ltr'><strong>loco</strong></span> <span class='ocrx_word' id='word_1_229' title='bbox 731 4199 826 4261; x_wconf 86' lang='lat' dir='ltr'><strong>extra</strong></span> <span class='ocrx_word' id='word_1_230' title='bbox 858 4194 1030 4261; x_wconf 76' lang='lat' dir='ltr'><strong>civitatem</strong></span> <span class='ocrx_word' id='word_1_231' title='bbox 1056 4215 1158 4273; x_wconf 89' lang='lat' dir='ltr'><strong>suam,</strong></span> <span class='ocrx_word' id='word_1_232' title='bbox 1182 4194 1281 4263; x_wconf 83' lang='lat' dir='ltr'><strong>debet</strong></span> <span class='ocrx_word' id='word_1_233' title='bbox 1302 4195 1457 4282; x_wconf 83' lang='lat' dir='ltr'><strong>pulsari</strong></span> <span class='ocrx_word' id='word_1_234' title='bbox 1447 4219 1488 4265; x_wconf 89' lang='lat' dir='ltr'><strong>m</strong></span> 
     </span>
    </p>
   </div>
   <div class='ocr_carea' id='block_1_3' title="bbox 265 4242 1485 4387">
    <p class='ocr_par' dir='ltr' id='par_1_3' title="bbox 265 4242 1485 4387">
     <span class='ocr_line' id='line_1_34' title="bbox 265 4242 1485 4387; baseline 0.007 -26.007"><span class='ocrx_word' id='word_1_235' title='bbox 265 4242 441 4366; x_wconf 41' lang='lat' dir='ltr'><strong>luichiorehst</strong></span> <span class='ocrx_word' id='word_1_236' title='bbox 412 4322 504 4387; x_wconf 78' lang='lat' dir='ltr'><strong>‚ipse</strong></span> <span class='ocrx_word' id='word_1_237' title='bbox 534 4298 709 4367; x_wconf 86' lang='lat' dir='ltr'><strong>ecclesia</strong></span> <span class='ocrx_word' id='word_1_238' title='bbox 699 4320 736 4365; x_wconf 87' lang='grc' dir='ltr'><strong>ιιι</strong></span> <span class='ocrx_word' id='word_1_239' title='bbox 767 4297 870 4386; x_wconf 88' lang='lat' dir='ltr'><strong>ipsius</strong></span> <span class='ocrx_word' id='word_1_240' title='bbox 901 4297 1050 4373; x_wconf 79' lang='lat' dir='ltr'><strong>adventu</strong></span> <span class='ocrx_word' id='word_1_241' title='bbox 1078 4296 1123 4365; x_wconf 87' lang='lat' dir='ltr'><strong>ed</strong></span> <span class='ocrx_word' id='word_1_242' title='bbox 1153 4318 1226 4365; x_wconf 84' lang='lat' dir='ltr'><strong>eom</strong></span> <span class='ocrx_word' id='word_1_243' title='bbox 1248 4297 1318 4367; x_wconf 87' lang='lat' dir='ltr'><strong>sive</strong></span> <span class='ocrx_word' id='word_1_244' title='bbox 1339 4299 1485 4369; x_wconf 81' lang='lat' dir='ltr'><strong>transitu</strong></span> 
     </span>
    </p>
   </div>
   <div class='ocr_carea' id='block_1_4' title="bbox 463 4565 1482 4795">
    <p class='ocr_par' dir='ltr' id='par_1_4' title="bbox 463 4565 1482 4795">
     <span class='ocr_line' id='line_1_35' title="bbox 465 4565 1458 4633; baseline 0.004 -16"><span class='ocrx_word' id='word_1_245' title='bbox 465 4572 471 4601; x_wconf 90' lang='lat'>¹</span> <span class='ocrx_word' id='word_1_246' title='bbox 490 4567 621 4632; x_wconf 81' lang='lat' dir='ltr'><strong>medicina]</strong></span> <span class='ocrx_word' id='word_1_247' title='bbox 641 4583 689 4617; x_wconf 91' lang='lat' dir='ltr'><strong>om.</strong></span> <span class='ocrx_word' id='word_1_248' title='bbox 701 4567 773 4617; x_wconf 78' lang='lat' dir='ltr'><strong>Trin</strong></span> <span class='ocrx_word' id='word_1_249' title='bbox 1015 4565 1216 4632; x_wconf 60' lang='grc' dir='ltr'><strong>1σοιιιινιιιιιίυιι]</strong></span> <span class='ocrx_word' id='word_1_250' title='bbox 1234 4567 1374 4633; x_wconf 75' lang='lat' dir='ltr'><strong>purgative,</strong></span> <span class='ocrx_word' id='word_1_251' title='bbox 1387 4569 1458 4621; x_wconf 80' lang='lat' dir='ltr'><strong>Trin</strong></span> 
     </span>
     <span class='ocr_line' id='line_1_36' title="bbox 464 4644 1482 4717; baseline 0.008 -19"><span class='ocrx_word' id='word_1_252' title='bbox 464 4648 662 4713; x_wconf 79' lang='lat' dir='ltr'><strong>²visitolr&#39;onem]</strong></span> <span class='ocrx_word' id='word_1_253' title='bbox 682 4646 811 4713; x_wconf 67' lang='lat' dir='ltr'><strong>visionem,</strong></span> <span class='ocrx_word' id='word_1_254' title='bbox 822 4644 912 4699; x_wconf 67' lang='lat'><em>000.</em></span> <span class='ocrx_word' id='word_1_255' title='bbox 1012 4645 1110 4709; x_wconf 61' lang='lat' dir='ltr'><strong>‘arom</strong></span> <span class='ocrx_word' id='word_1_256' title='bbox 1125 4644 1300 4717; x_wconf 50' lang='grc' dir='ltr'><strong>..Μή</strong></span> <span class='ocrx_word' id='word_1_257' title='bbox 1318 4649 1482 4715; x_wconf 53' lang='lat' dir='ltr'><strong>miluc„</strong></span> 
     </span>
     <span class='ocr_line' id='line_1_37' title="bbox 463 4723 1184 4795; baseline 0.003 -18"><span class='ocrx_word' id='word_1_258' title='bbox 463 4728 473 4757; x_wconf 83' lang='lat'><strong>³</strong></span> <span class='ocrx_word' id='word_1_259' title='bbox 490 4728 601 4795; x_wconf 79' lang='lat' dir='ltr'><strong>invento]</strong></span> <span class='ocrx_word' id='word_1_260' title='bbox 619 4742 668 4779; x_wconf 81' lang='lat' dir='ltr'><strong>om.</strong></span> <span class='ocrx_word' id='word_1_261' title='bbox 681 4726 787 4794; x_wconf 70' lang='lat' dir='ltr'><strong>(lii-G,-</strong></span> <span class='ocrx_word' id='word_1_262' title='bbox 980 4723 1101 4792; x_wconf 63' lang='lat' dir='ltr'>(LO-0„</span> <span class='ocrx_word' id='word_1_263' title='bbox 1113 4724 1184 4779; x_wconf 74' lang='lat' dir='ltr'><strong>Tdn.</strong></span> 
     </span>
    </p>
   </div>
   <div class='ocr_carea' id='block_1_5' title="bbox 0 0 1754 5784">
    <p class='ocr_par' dir='ltr' id='par_1_5' title="bbox 0 0 1754 5784">
     <span class='ocr_line' id='line_1_38' title="bbox 0 0 1754 5784; baseline 0 6"><span class='ocrx_word' id='word_1_264' title='bbox 0 0 1754 5784; x_wconf 95' lang='lat' dir='ltr'><strong> </strong></span> 
     </span>
    </p>
   </div>
  </div>
 </body>
</html>
