3500 5784
424 837 487 912 172
745 855 892 904 noannrr
915 853 1145 905 onosss'rrsrn

420 1054 495 1100 rum
531 1038 568 1098 et
603 1033 754 1120 gravium
792 1033 835 1098 ad
872 1054 933 1098 nos
976 1053 1046 1098 esse
1089 1031 1245 1112 delatum,
1283 1031 1374 1118 qirod
1410 1055 1472 1100 vos

421 1135 544 1202 fecistis
574 1159 595 1202 a
625 1136 713 1202 dicto
744 1135 785 1202 N.
810 1135 979 1222 capellano
1001 1138 1113 1201 vestro
1139 1135 1176 1200 in
1199 1137 1276 1200 aula
1297 1140 1409 1202 vestra
1430 1136 1472 1202 de

422 1237 566 1304 Graham
588 1238 720 1304 missam
744 1237 908 1315 celebrari,
932 1237 1020 1323 quod
1050 1238 1159 1324 ipsum
1189 1259 1250 1303 vos
1279 1238 1382 1304 ctiam
1411 1260 1472 1324 per

420 1341 577 1426 scriptum
600 1347 747 1406 vestrum
774 1340 961 1419 conceditis,
985 1339 1144 1406 addentes
1167 1362 1227 1427 pro
1249 1340 1378 1406 ratione
1408 1340 1470 1408 hoc

418 1443 544 1510 factum
566 1465 635 1509 esse
657 1443 800 1529 corporis
822 1442 927 1508 vestri
956 1442 1152 1508 infirmitate
1178 1447 1325 1529 cogente.
1382 1442 1468 1509 Cum

418 1545 522 1632 igitur
553 1545 630 1610 aula
651 1551 764 1610 vestra
789 1545 926 1610 nonsit
956 1545 1046 1610 locus
1078 1544 1151 1610 Deo
1175 1543 1312 1624 dicatus,
1336 1544 1394 1609 sod
1425 1546 1470 1610 sit

418 1647 600 1713 communis
630 1646 794 1712 habitatio
822 1647 1003 1724 hominurn,
1033 1646 1274 1734 receptaudum
1297 1646 1469 1712 comeden-

418 1750 504 1816 tium
527 1754 562 1814 ct
584 1748 780 1830 bibentium,
804 1748 931 1827 frivola,
954 1749 1110 1826 scurrilia,
1134 1753 1170 1814 et
1192 1749 1278 1814 forte
1299 1749 1471 1816 multoties

418 1851 589 1920 immunda
619 1851 876 1938 colloquentium
908 1856 944 1917 et
977 1851 1125 1918 fortassis
1159 1849 1336 1936 aliqnando
1367 1851 1470 1918 etiam

418 1954 590 2022 immunda
634 1952 835 2032 facientium,
875 1953 1012 2021 canibus
1049 1953 1151 2019 etiam
1195 1951 1318 2038 ubique
1355 1952 1393 2020 in
1429 1975 1471 2023 eu

419 2057 678 2124 discurrentibus
708 2063 742 2122 et
764 2055 973 2134 cubantibus,
1005 2054 1179 2141 sordesque
1204 2055 1398 2141 plerumque
1419 2077 1471 2120 re-

418 2159 645 2246 linquentibus
657 2183 666 2240 ;
704 2181 802 2246 quam
834 2157 1068 2223 inconveniens
1101 2157 1145 2222 sit
1176 2155 1303 2243 Corpus
1332 2156 1471 2224 Domini

418 2263 524 2327 nostri
554 2261 637 2327 lesu
676 2259 810 2340 Christi,
849 2259 912 2324 filii
943 2259 1007 2324 Dei
1032 2258 1113 2336 viri,
1144 2259 1233 2344 quod
1261 2266 1469 2348 assumptum

419 2368 469 2430 est
504 2363 545 2432 de
575 2363 792 2429 mundissima
821 2361 969 2449 Virgine,
995 2383 1128 2449 passuum
1158 2361 1196 2425 in
1221 2382 1322 2438 cuce,
1353 2362 1390 2428 in
1419 2385 1470 2428 re·

419 2465 618 2532 surrectione
663 2463 883 2554 glorificatum
927 2469 965 2530 et
1008 2485 1107 2551 supra
1152 2464 1247 2530 caelos
1292 2465 1468 2546 elevatum,

418 2570 541 2636 ibidem
565 2568 721 2634 conficere
752 2573 787 2633 et
817 2571 1029 2646 contrectare,
1053 2565 1219 2632 neminem
1241 2566 1470 2633 Christianum

419 2671 518 2738 debet
554 2671 677 2751 latere;
723 2669 907 2758 praesertim
944 2691 1018 2734 cum
1048 2669 1128 2734 novi
1165 2674 1200 2734 et
1236 2669 1359 2734 veteris
1396 2670 1471 2735 'les-

421 2774 563 2841 tamenti
585 2777 750 2860 praecepta
772 2777 807 2838 et
830 2771 996 2837 canonicae
1019 2771 1203 2836 sanctiones
1225 2770 1471 2838 evidentissime

419 2877 625 2965 prohibeant,
665 2898 707 2942 ne
744 2875 824 2942 alibi
861 2873 1067 2941 celebrentur
1100 2873 1274 2938 missarum
1312 2875 1470 2956 solennia,

419 3003 518 3068 quam
553 2981 590 3045 in
623 2979 701 3045 locis
732 2979 803 3043 Deo
841 2977 959 3044 dicatis
995 2980 1030 3042 et
1064 2975 1208 3056 sacmtis,
1243 2975 1308 3040 nisi
1342 2999 1471 3047 summa

419 3082 562 3170 coegerit
599 3081 783 3148 necessitas.
843 3079 981 3144 Vosmet
1018 3078 1120 3164 igitur
1151 3077 1309 3162 judicetis
1347 3101 1391 3144 an
1427 3081 1468 3149 ad

420 3191 570 3252 nostrum
625 3182 791 3271 pertineat
836 3181 980 3248 officium
1029 3179 1237 3265 judicialiter
1281 3203 1471 3268 cognoscere

420 3296 534 3354 utrum
572 3285 763 3374 hujusmodi
800 3285 869 3350 sint
913 3283 1008 3363 facta,
1055 3288 1090 3349 et
1133 3283 1163 3348 si
1206 3281 1293 3349 facta
1337 3285 1470 3367 fuerint,

420 3390 541 3478 quibus
576 3389 767 3456 auctoribus
798 3388 982 3474 quibusque
1019 3385 1180 3452 ministris
1212 3387 1301 3453 facta
1330 3388 1407 3468 sint,
1436 3395 1472 3457 et

420 3498 533 3560 utrum
555 3513 614 3580 per
635 3491 781 3577 aliquam
809 3491 1039 3556 necessitatem
1068 3489 1299 3554 rationabilem
1327 3490 1473 3559 habeant

422 3596 688 3676 excusationem
734 3593 821 3680 quod
866 3613 940 3658 cum
978 3591 1062 3658 bene
1099 3589 1368 3675 dijudicaveritis,
1405 3615 1472 3660 cre-

421 3701 530 3766 dimus
568 3699 657 3785 quod
694 3696 886 3764 citationem
922 3717 982 3782 per
1017 3715 1080 3759 nos
1114 3693 1236 3760 factam
1279 3694 1471 3782 injuriosam

251 3817 395 3886 rhechsp-
421 3827 490 3871 non
527 3801 736 3891 reputabitis.
809 3799 967 3866 Sacerdos
1005 3821 1134 3886 quoque
1172 3803 1280 3864 vester
1316 3821 1385 3866 non
1421 3802 1498 3867 in»

250 3885 381 4005 fflnhsls-
416 3907 543 3994 juriose
566 3906 638 3972 sine
673 3904 798 3992 praevia
832 3902 1088 3968 commonitione
1119 3923 1294 3988 suspensus
1324 3908 1383 3982 fflb
1413 3906 1471 3971 8θᾶ

251 4021 400 4082 aarum
422 4011 465 4076 ob
503 4009 758 4096 multiplicatam
803 4005 1044 4071 contumaciam
1088 4026 1191 4083 suam,
1233 4004 1349 4072 ordine
1386 4006 1473 4093 juris

251 4089 367 4150 “pm
422 4113 596 4180 observato
625 4109 817 4197 justissime.
878 4108 947 4173 Vos
978 4107 1084 4194 igitur
1113 4106 1199 4172 sicut
1235 4107 1325 4173 filius
1362 4110 1472 4176 obedi·

250 4161 407 4222 mnmmsey.
420 4216 530 4294 entiae,
568 4235 665 4299 quem
698 4233 757 4278 vos
789 4233 858 4277 esse
890 4209 1092 4298 profitemini
1121 4214 1156 4274 et
1188 4231 1285 4295 quem
1316 4233 1376 4277 vos
1411 4233 1472 4279 nos

420 4337 489 4382 esse
528 4311 701 4394 credimus,
742 4312 813 4400 juri
850 4331 964 4400 parere
1001 4330 1068 4375 non
1106 4309 1335 4388 contemnatis,
1377 4311 1472 4378 inno

420 4418 564 4484 centiam
602 4421 747 4482 vestram
785 4414 959 4494 ostensuri,
997 4417 1059 4478 aut
1093 4412 1257 4477 maculam
1294 4411 1407 4478 delicti
1439 4415 1469 4480 si

419 4521 530 4606 aliqua
563 4519 665 4584 suerit
698 4518 899 4597 mandaturi,
933 4539 955 4581 a
981 4515 1052 4581 Deo
1073 4514 1217 4602 gratiam
1239 4519 1275 4579 et
1295 4515 1339 4579 ab
1365 4515 1470 4582 homi-

419 4622 517 4692 nibus
555 4622 685 4692 laudem
724 4622 767 4694 ob
801 4623 863 4692 hoc
900 4617 1101 4713 reportaturi
1113 4643 1122 4700 ;
1159 4639 1234 4688 cum
1271 4617 1373 4688 etiam
1408 4620 1470 4692 lilii
