<?xml version="1.0" encoding="UTF-8"?>
<!DOCTYPE html PUBLIC "-//W3C//DTD XHTML 1.0 Transitional//EN"
    "http://www.w3.org/TR/xhtml1/DTD/xhtml1-transitional.dtd">
<html xmlns="http://www.w3.org/1999/xhtml" xml:lang="en" lang="en">
 <head>
  <title>
</title>
<meta http-equiv="Content-Type" content="text/html;charset=utf-8" />
  <meta name='ocr-system' content='tesseract 3.04.00' />
  <meta name='ocr-capabilities' content='ocr_page ocr_carea ocr_par ocr_line ocrx_word'/>
</head>
<body>
  <div class='ocr_page' id='page_1' title='image "./robertigrossete00luargoog_0502.png"; bbox 0 0 3500 5784; ppageno 0'>
   <div class='ocr_carea' id='block_1_1' title="bbox 665 828 1276 895">
    <p class='ocr_par' dir='ltr' id='par_1_1' title="bbox 665 828 1276 895">
     <span class='ocr_line' id='line_1_1' title="bbox 665 828 1276 895; baseline 0.003 -4"><span class='ocrx_word' id='word_1_1' title='bbox 665 842 846 891; x_wconf 74' lang='lat' dir='ltr'><strong>urmronm</strong></span> <span class='ocrx_word' id='word_1_2' title='bbox 1111 886 1115 895; x_wconf 91' lang='grc'>,</span> <span class='ocrx_word' id='word_1_3' title='bbox 1212 828 1276 893; x_wconf 84' lang='grc'><strong>359</strong></span> 
     </span>
    </p>
   </div>
   <div class='ocr_carea' id='block_1_2' title="bbox 226 1014 1445 4272">
    <p class='ocr_par' dir='ltr' id='par_1_2' title="bbox 226 1014 1445 4272">
     <span class='ocr_line' id='line_1_2' title="bbox 231 1014 1278 1104; baseline 0.004 -26"><span class='ocrx_word' id='word_1_4' title='bbox 231 1014 386 1081; x_wconf 80' lang='lat' dir='ltr'><strong>videlieet</strong></span> <span class='ocrx_word' id='word_1_5' title='bbox 422 1018 594 1103; x_wconf 86' lang='lat' dir='ltr'><strong>portarent</strong></span> <span class='ocrx_word' id='word_1_6' title='bbox 628 1020 737 1081; x_wconf 88' lang='lat' dir='ltr'><strong>totum</strong></span> <span class='ocrx_word' id='word_1_7' title='bbox 759 1016 803 1082; x_wconf 88' lang='lat' dir='ltr'><strong>ad</strong></span> <span class='ocrx_word' id='word_1_8' title='bbox 833 1014 944 1104; x_wconf 90' lang='lat' dir='ltr'><strong>quod¹</strong></span> <span class='ocrx_word' id='word_1_9' title='bbox 969 1017 1068 1081; x_wconf 89' lang='lat' dir='ltr'><strong>unius</strong></span> <span class='ocrx_word' id='word_1_10' title='bbox 1102 1016 1189 1081; x_wconf 84' lang='lat' dir='ltr'><strong>vires</strong></span> <span class='ocrx_word' id='word_1_11' title='bbox 1211 1038 1278 1083; x_wconf 89' lang='lat' dir='ltr'><strong>non</strong></span> 
     </span>
     <span class='ocr_line' id='line_1_3' title="bbox 230 1117 1278 1205; baseline 0.004 -22"><span class='ocrx_word' id='word_1_12' title='bbox 230 1117 435 1184; x_wconf 83' lang='lat' dir='ltr'><strong>sufficiebant</strong></span> <span class='ocrx_word' id='word_1_13' title='bbox 455 1118 674 1205; x_wconf 80' lang='lat' dir='ltr'><strong>portandum3</strong></span> <span class='ocrx_word' id='word_1_14' title='bbox 696 1140 755 1185; x_wconf 85' lang='lat' dir='ltr'><strong>neo</strong></span> <span class='ocrx_word' id='word_1_15' title='bbox 777 1118 1029 1205; x_wconf 85' lang='lat' dir='ltr'><strong>intelligendum</strong></span> <span class='ocrx_word' id='word_1_16' title='bbox 1052 1124 1103 1183; x_wconf 87' lang='lat' dir='ltr'><strong>est</strong></span> <span class='ocrx_word' id='word_1_17' title='bbox 1125 1119 1212 1204; x_wconf 88' lang='lat' dir='ltr'><strong>quod</strong></span> <span class='ocrx_word' id='word_1_18' title='bbox 1243 1119 1278 1187; x_wconf 85' lang='lat' dir='ltr'><strong>in</strong></span> 
     </span>
     <span class='ocr_line' id='line_1_4' title="bbox 230 1219 1280 1307; baseline 0.003 -24"><span class='ocrx_word' id='word_1_19' title='bbox 230 1219 293 1285; x_wconf 81' lang='lat' dir='ltr'><strong>hoo</strong></span> <span class='ocrx_word' id='word_1_20' title='bbox 314 1222 421 1287; x_wconf 87' lang='lat' dir='ltr'><strong>oneris</strong></span> <span class='ocrx_word' id='word_1_21' title='bbox 448 1220 629 1307; x_wconf 73' lang='lat' dir='ltr'>partitione</span> <span class='ocrx_word' id='word_1_22' title='bbox 661 1221 707 1285; x_wconf 82' lang='lat' dir='ltr'><strong>sit</strong></span> <span class='ocrx_word' id='word_1_23' title='bbox 738 1221 848 1307; x_wconf 81' lang='lat' dir='ltr'><strong>aliquo</strong></span> <span class='ocrx_word' id='word_1_24' title='bbox 879 1220 1076 1286; x_wconf 71' lang='lat' dir='ltr'><strong>modorum</strong></span> <span class='ocrx_word' id='word_1_25' title='bbox 1107 1221 1280 1307; x_wconf 86' lang='lat' dir='ltr'><strong>potestatis</strong></span> 
     </span>
     <span class='ocr_line' id='line_1_5' title="bbox 226 1318 1280 1405; baseline 0.001 -19"><span class='ocrx_word' id='word_1_26' title='bbox 226 1321 409 1405; x_wconf 68' lang='lat' dir='ltr'><strong>judiciariae</strong></span> <span class='ocrx_word' id='word_1_27' title='bbox 430 1327 465 1389; x_wconf 91' lang='lat' dir='ltr'><strong>et</strong></span> <span class='ocrx_word' id='word_1_28' title='bbox 487 1323 661 1390; x_wconf 71' lang='lat' dir='ltr'><strong>ordinariae</strong></span> <span class='ocrx_word' id='word_1_29' title='bbox 683 1323 772 1391; x_wconf 78' lang='lat' dir='ltr'><strong>faeta</strong></span> <span class='ocrx_word' id='word_1_30' title='bbox 792 1324 829 1387; x_wconf 87' lang='lat' dir='ltr'><strong>in</strong></span> <span class='ocrx_word' id='word_1_31' title='bbox 850 1345 886 1387; x_wconf 90' lang='lat' dir='ltr'><strong>se</strong></span> <span class='ocrx_word' id='word_1_32' title='bbox 908 1322 1027 1389; x_wconf 87' lang='lat' dir='ltr'><strong>divisio</strong></span> <span class='ocrx_word' id='word_1_33' title='bbox 1050 1318 1107 1387; x_wconf 90' lang='lat' dir='ltr'><strong>vel</strong></span> <span class='ocrx_word' id='word_1_34' title='bbox 1137 1322 1280 1389; x_wconf 89' lang='lat' dir='ltr'><strong>diminu-</strong></span> 
     </span>
     <span class='ocr_line' id='line_1_6' title="bbox 231 1423 1278 1511; baseline 0.003 -23"><span class='ocrx_word' id='word_1_35' title='bbox 231 1423 289 1503; x_wconf 87' lang='lat' dir='ltr'><strong>tio,</strong></span> <span class='ocrx_word' id='word_1_36' title='bbox 327 1424 386 1489; x_wconf 86' lang='lat' dir='ltr'><strong>sed</strong></span> <span class='ocrx_word' id='word_1_37' title='bbox 417 1425 623 1511; x_wconf 80' lang='lat' dir='ltr'><strong>plenitudine</strong></span> <span class='ocrx_word' id='word_1_38' title='bbox 654 1424 752 1509; x_wconf 91' lang='lat' dir='ltr'><strong>hujus</strong></span> <span class='ocrx_word' id='word_1_39' title='bbox 785 1425 960 1511; x_wconf 85' lang='lat' dir='ltr'><strong>potestatis</strong></span> <span class='ocrx_word' id='word_1_40' title='bbox 999 1429 1129 1491; x_wconf 87' lang='lat' dir='ltr'><strong>retenta</strong></span> <span class='ocrx_word' id='word_1_41' title='bbox 1166 1431 1201 1491; x_wconf 89' lang='lat' dir='ltr'><strong>et</strong></span> <span class='ocrx_word' id='word_1_42' title='bbox 1238 1424 1278 1491; x_wconf 92' lang='lat' dir='ltr'><strong>de</strong></span> 
     </span>
     <span class='ocr_line' id='line_1_7' title="bbox 231 1524 1279 1615; baseline 0.002 -26"><span class='ocrx_word' id='word_1_43' title='bbox 231 1524 400 1593; x_wconf 89' lang='lat' dir='ltr'><strong>affluentia</strong></span> <span class='ocrx_word' id='word_1_44' title='bbox 429 1527 646 1615; x_wconf 62' lang='lat' dir='ltr'><strong>plenitudinis</strong></span> <span class='ocrx_word' id='word_1_45' title='bbox 669 1527 813 1615; x_wconf 87' lang='lat' dir='ltr'><strong>ejusdem</strong></span> <span class='ocrx_word' id='word_1_46' title='bbox 846 1548 914 1592; x_wconf 92' lang='lat' dir='ltr'><strong>non</strong></span> <span class='ocrx_word' id='word_1_47' title='bbox 944 1527 1138 1607; x_wconf 69' lang='lat' dir='ltr'><strong>imminuta,</strong></span> <span class='ocrx_word' id='word_1_48' title='bbox 1172 1532 1279 1615; x_wconf 89' lang='lat' dir='ltr'><strong>potes·</strong></span> 
     </span>
     <span class='ocr_line' id='line_1_8' title="bbox 232 1628 1278 1717; baseline 0 -24"><span class='ocrx_word' id='word_1_49' title='bbox 232 1633 301 1694; x_wconf 82' lang='lat' dir='ltr'><strong>tate</strong></span> <span class='ocrx_word' id='word_1_50' title='bbox 323 1630 368 1696; x_wconf 87' lang='lat' dir='ltr'><strong>ad</strong></span> <span class='ocrx_word' id='word_1_51' title='bbox 390 1629 629 1717; x_wconf 84' lang='lat' dir='ltr'><strong>cooperandum</strong></span> <span class='ocrx_word' id='word_1_52' title='bbox 660 1629 696 1693; x_wconf 94' lang='lat' dir='ltr'><strong>in</strong></span> <span class='ocrx_word' id='word_1_53' title='bbox 717 1630 798 1695; x_wconf 85' lang='lat' dir='ltr'><strong>alios</strong></span> <span class='ocrx_word' id='word_1_54' title='bbox 820 1628 992 1707; x_wconf 87' lang='lat' dir='ltr'><strong>transfusa,</strong></span> <span class='ocrx_word' id='word_1_55' title='bbox 1027 1630 1133 1695; x_wconf 82' lang='lat' dir='ltr'><strong>ouen&#39;s</strong></span> <span class='ocrx_word' id='word_1_56' title='bbox 1166 1628 1278 1693; x_wconf 87' lang='lat' dir='ltr'><strong>minis-</strong></span> 
     </span>
     <span class='ocr_line' id='line_1_9' title="bbox 232 1731 1279 1820; baseline 0.002 -25"><span class='ocrx_word' id='word_1_57' title='bbox 232 1731 308 1797; x_wconf 86' lang='lat' dir='ltr'><strong>terii</strong></span> <span class='ocrx_word' id='word_1_58' title='bbox 351 1753 409 1818; x_wconf 89' lang='lat' dir='ltr'><strong>per</strong></span> <span class='ocrx_word' id='word_1_59' title='bbox 455 1732 678 1820; x_wconf 73' lang='lat' dir='ltr'><strong>pluralitatem</strong></span> <span class='ocrx_word' id='word_1_60' title='bbox 723 1733 969 1820; x_wconf 78' lang='lat' dir='ltr'><strong>cooperantium</strong></span> <span class='ocrx_word' id='word_1_61' title='bbox 1006 1731 1148 1819; x_wconf 86' lang='lat' dir='ltr'><strong>partitio.</strong></span> <span class='ocrx_word' id='word_1_62' title='bbox 1196 1731 1279 1799; x_wconf 83' lang='lat' dir='ltr'><strong>Haeo</strong></span> 
     </span>
     <span class='ocr_line' id='line_1_10' title="bbox 233 1832 1279 1920; baseline 0.002 -23"><span class='ocrx_word' id='word_1_63' title='bbox 233 1834 321 1897; x_wconf 90' lang='lat' dir='ltr'><strong>enim</strong></span> <span class='ocrx_word' id='word_1_64' title='bbox 344 1856 386 1899; x_wconf 83' lang='lat' dir='ltr'><strong>ex</strong></span> <span class='ocrx_word' id='word_1_65' title='bbox 408 1833 681 1920; x_wconf 84' lang='lat' dir='ltr'><strong>subsequentibus</strong></span> <span class='ocrx_word' id='word_1_66' title='bbox 702 1834 740 1900; x_wconf 91' lang='lat' dir='ltr'><strong>in</strong></span> <span class='ocrx_word' id='word_1_67' title='bbox 761 1834 845 1899; x_wconf 90' lang='lat' dir='ltr'><strong>libro</strong></span> <span class='ocrx_word' id='word_1_68' title='bbox 861 1834 1081 1899; x_wconf 87' lang='lat' dir='ltr'><strong>Numerorum</strong></span> <span class='ocrx_word' id='word_1_69' title='bbox 1103 1832 1183 1899; x_wconf 84' lang='lat' dir='ltr'><strong>satis</strong></span> <span class='ocrx_word' id='word_1_70' title='bbox 1201 1836 1279 1899; x_wconf 88' lang='lat' dir='ltr'><strong>sunt</strong></span> 
     </span>
     <span class='ocr_line' id='line_1_11' title="bbox 234 1935 1445 2023; baseline 0.007 -24"><span class='ocrx_word' id='word_1_71' title='bbox 234 1936 414 2004; x_wconf 84' lang='lat' dir='ltr'><strong>manifesta</strong></span> <span class='ocrx_word' id='word_1_72' title='bbox 477 1935 562 2003; x_wconf 85' lang='lat' dir='ltr'><strong>Cum</strong></span> <span class='ocrx_word' id='word_1_73' title='bbox 607 1937 695 2001; x_wconf 91' lang='lat' dir='ltr'><strong>enim</strong></span> <span class='ocrx_word' id='word_1_74' title='bbox 732 1936 889 2023; x_wconf 85' lang='lat' dir='ltr'><strong>flagraret</strong></span> <span class='ocrx_word' id='word_1_75' title='bbox 933 1936 1073 2023; x_wconf 84' lang='lat' dir='ltr'><strong>populus</strong></span> <span class='ocrx_word' id='word_1_76' title='bbox 1117 1935 1410 2009; x_wconf 58' lang='lat' dir='ltr'><strong>desideriorum.</strong></span> <span class='ocrx_word' id='word_1_77' title='bbox 1424 1964 1445 2019; x_wconf 89' lang='lat'><strong>1,</strong></span> 
     </span>
     <span class='ocr_line' id='line_1_12' title="bbox 234 2036 1358 2123; baseline 0 -22"><span class='ocrx_word' id='word_1_78' title='bbox 234 2039 390 2117; x_wconf 84' lang='lat' dir='ltr'><strong>earnium,</strong></span> <span class='ocrx_word' id='word_1_79' title='bbox 436 2038 517 2103; x_wconf 88' lang='lat' dir='ltr'><strong>flens</strong></span> <span class='ocrx_word' id='word_1_80' title='bbox 573 2045 607 2103; x_wconf 87' lang='lat' dir='ltr'><strong>et</strong></span> <span class='ocrx_word' id='word_1_81' title='bbox 651 2038 832 2107; x_wconf 78' lang='lat' dir='ltr'><strong>recordans</strong></span> <span class='ocrx_word' id='word_1_82' title='bbox 875 2036 1084 2105; x_wconf 61' lang='lat' dir='ltr'><strong>sitammam</strong></span> <span class='ocrx_word' id='word_1_83' title='bbox 1128 2036 1278 2123; x_wconf 75' lang='lat' dir='ltr'><strong>AEpppti,</strong></span> <span class='ocrx_word' id='word_1_84' title='bbox 1291 2040 1358 2089; x_wconf 73' lang='lat' dir='ltr'><strong>seqq.</strong></span> 
     </span>
     <span class='ocr_line' id='line_1_13' title="bbox 235 2138 1278 2227; baseline 0.002 -24"><span class='ocrx_word' id='word_1_85' title='bbox 235 2160 358 2206; x_wconf 85' lang='lat' dir='ltr'><strong>manna</strong></span> <span class='ocrx_word' id='word_1_86' title='bbox 393 2140 551 2219; x_wconf 82' lang='lat' dir='ltr'><strong>fastidito,</strong></span> <span class='ocrx_word' id='word_1_87' title='bbox 590 2145 625 2205; x_wconf 82' lang='lat' dir='ltr'><strong>et</strong></span> <span class='ocrx_word' id='word_1_88' title='bbox 661 2140 738 2205; x_wconf 90' lang='lat' dir='ltr'><strong>inde</strong></span> <span class='ocrx_word' id='word_1_89' title='bbox 767 2139 968 2227; x_wconf 83' lang='lat' dir='ltr'><strong>affligeretur</strong></span> <span class='ocrx_word' id='word_1_90' title='bbox 992 2140 1131 2227; x_wconf 78' lang='lat' dir='ltr'>Moyses,</span> <span class='ocrx_word' id='word_1_91' title='bbox 1156 2140 1205 2203; x_wconf 88' lang='lat' dir='ltr'><strong>ait</strong></span> <span class='ocrx_word' id='word_1_92' title='bbox 1236 2138 1278 2205; x_wconf 88' lang='lat' dir='ltr'><strong>ad</strong></span> 
     </span>
     <span class='ocr_line' id='line_1_14' title="bbox 234 2240 1280 2329; baseline 0 -24"><span class='ocrx_word' id='word_1_93' title='bbox 234 2242 422 2321; x_wconf 88' lang='lat' dir='ltr'><strong>Dominum,</strong></span> <span class='ocrx_word' id='word_1_94' title='bbox 448 2242 528 2309; x_wconf 79' lang='lat' dir='ltr'><strong>Noa</strong></span> <span class='ocrx_word' id='word_1_95' title='bbox 554 2264 695 2329; x_wconf 78' lang='lat' dir='ltr'><strong>possam</strong></span> <span class='ocrx_word' id='word_1_96' title='bbox 716 2242 807 2309; x_wconf 79' lang='lat' dir='ltr'><strong>solua</strong></span> <span class='ocrx_word' id='word_1_97' title='bbox 836 2242 1002 2307; x_wconf 70' lang='lat' dir='ltr'><strong>mistirium</strong></span> <span class='ocrx_word' id='word_1_98' title='bbox 1024 2263 1158 2307; x_wconf 71' lang='lat' dir='ltr'><strong>marmot</strong></span> <span class='ocrx_word' id='word_1_99' title='bbox 1188 2240 1280 2307; x_wconf 72' lang='lat' dir='ltr'><strong>laurio</strong></span> 
     </span>
     <span class='ocr_line' id='line_1_15' title="bbox 229 2343 1279 2431; baseline 0.004 -23"><span class='ocrx_word' id='word_1_100' title='bbox 229 2344 408 2430; x_wconf 75' lang='lat' dir='ltr'><strong>papalum,</strong></span> <span class='ocrx_word' id='word_1_101' title='bbox 432 2344 517 2431; x_wconf 75' lang='lat' dir='ltr'><strong>poia</strong></span> <span class='ocrx_word' id='word_1_102' title='bbox 535 2344 654 2430; x_wconf 75' lang='lat' dir='ltr'><strong>pronis</strong></span> <span class='ocrx_word' id='word_1_103' title='bbox 675 2344 765 2411; x_wconf 74' lang='lat' dir='ltr'><strong>milri</strong></span> <span class='ocrx_word' id='word_1_104' title='bbox 780 2352 848 2423; x_wconf 81' lang='lat' dir='ltr'><strong>eot;</strong></span> <span class='ocrx_word' id='word_1_105' title='bbox 872 2343 965 2431; x_wconf 87' lang='lat' dir='ltr'><strong>quasi</strong></span> <span class='ocrx_word' id='word_1_106' title='bbox 989 2344 1118 2421; x_wconf 85' lang='lat' dir='ltr'><strong>diceret,</strong></span> <span class='ocrx_word' id='word_1_107' title='bbox 1137 2343 1279 2412; x_wconf 79' lang='lat' dir='ltr'><strong>Omnem</strong></span> 
     </span>
     <span class='ocr_line' id='line_1_16' title="bbox 231 2443 1280 2533; baseline 0 -22"><span class='ocrx_word' id='word_1_108' title='bbox 231 2443 324 2513; x_wconf 73' lang='lat' dir='ltr'><strong>hurso</strong></span> <span class='ocrx_word' id='word_1_109' title='bbox 334 2446 508 2531; x_wconf 78' lang='lat' dir='ltr'><strong>populum</strong></span> <span class='ocrx_word' id='word_1_110' title='bbox 521 2446 613 2512; x_wconf 84' lang='lat' dir='ltr'><strong>solos</strong></span> <span class='ocrx_word' id='word_1_111' title='bbox 627 2447 783 2513; x_wconf 63' lang='lat' dir='ltr'><strong>rosamo.</strong></span> <span class='ocrx_word' id='word_1_112' title='bbox 818 2446 915 2527; x_wconf 82' lang='lat' dir='ltr'><strong>Quod</strong></span> <span class='ocrx_word' id='word_1_113' title='bbox 930 2446 1044 2533; x_wconf 87' lang='lat' dir='ltr'><strong>utique</strong></span> <span class='ocrx_word' id='word_1_114' title='bbox 1059 2467 1127 2509; x_wconf 90' lang='lat' dir='ltr'><strong>non</strong></span> <span class='ocrx_word' id='word_1_115' title='bbox 1142 2446 1280 2513; x_wconf 77' lang='lat' dir='ltr'><strong>dixisset</strong></span> 
     </span>
     <span class='ocr_line' id='line_1_17' title="bbox 231 2549 1281 2636; baseline 0.002 -23"><span class='ocrx_word' id='word_1_116' title='bbox 231 2549 294 2613; x_wconf 89' lang='lat' dir='ltr'><strong>nisi</strong></span> <span class='ocrx_word' id='word_1_117' title='bbox 332 2570 414 2616; x_wconf 90' lang='lat' dir='ltr'><strong>onus</strong></span> <span class='ocrx_word' id='word_1_118' title='bbox 446 2550 558 2636; x_wconf 91' lang='lat' dir='ltr'><strong>populi</strong></span> <span class='ocrx_word' id='word_1_119' title='bbox 590 2549 696 2617; x_wconf 85' lang='lat' dir='ltr'><strong>adhue</strong></span> <span class='ocrx_word' id='word_1_120' title='bbox 717 2551 949 2630; x_wconf 83' lang='lat' dir='ltr'><strong>sustinuisset3</strong></span> <span class='ocrx_word' id='word_1_121' title='bbox 987 2570 1047 2613; x_wconf 83' lang='lat' dir='ltr'><strong>nee</strong></span> <span class='ocrx_word' id='word_1_122' title='bbox 1077 2549 1215 2615; x_wconf 84' lang='lat' dir='ltr'><strong>dixisset</strong></span> <span class='ocrx_word' id='word_1_123' title='bbox 1246 2571 1281 2615; x_wconf 89' lang='lat' dir='ltr'><strong>se</strong></span> 
     </span>
     <span class='ocr_line' id='line_1_18' title="bbox 232 2651 1281 2737; baseline 0.003 -23"><span class='ocrx_word' id='word_1_124' title='bbox 232 2651 337 2717; x_wconf 86' lang='lat' dir='ltr'><strong>solum</strong></span> <span class='ocrx_word' id='word_1_125' title='bbox 370 2652 540 2730; x_wconf 88' lang='lat' dir='ltr'><strong>sustinere,</strong></span> <span class='ocrx_word' id='word_1_126' title='bbox 579 2652 657 2737; x_wconf 89' lang='lat' dir='ltr'><strong>quia</strong></span> <span class='ocrx_word' id='word_1_127' title='bbox 682 2652 753 2737; x_wconf 88' lang='lat' dir='ltr'><strong>janr</strong></span> <span class='ocrx_word' id='word_1_128' title='bbox 791 2659 830 2719; x_wconf 90' lang='lat' dir='ltr'><strong>ut</strong></span> <span class='ocrx_word' id='word_1_129' title='bbox 860 2652 986 2717; x_wconf 86' lang='lat' dir='ltr'><strong>dictum</strong></span> <span class='ocrx_word' id='word_1_130' title='bbox 1024 2657 1082 2727; x_wconf 87' lang='lat' dir='ltr'><strong>est,</strong></span> <span class='ocrx_word' id='word_1_131' title='bbox 1120 2652 1281 2737; x_wconf 82' lang='lat' dir='ltr'><strong>partitum</strong></span> 
     </span>
     <span class='ocr_line' id='line_1_19' title="bbox 233 2752 1281 2841; baseline 0.001 -23"><span class='ocrx_word' id='word_1_132' title='bbox 233 2759 303 2819; x_wconf 91' lang='lat' dir='ltr'><strong>erat</strong></span> <span class='ocrx_word' id='word_1_133' title='bbox 323 2754 361 2817; x_wconf 91' lang='lat' dir='ltr'><strong>in</strong></span> <span class='ocrx_word' id='word_1_134' title='bbox 387 2754 505 2841; x_wconf 87' lang='lat' dir='ltr'><strong>plures,</strong></span> <span class='ocrx_word' id='word_1_135' title='bbox 527 2754 592 2819; x_wconf 92' lang='lat' dir='ltr'><strong>uisi</strong></span> <span class='ocrx_word' id='word_1_136' title='bbox 614 2758 784 2840; x_wconf 85' lang='lat' dir='ltr'><strong>reputaret</strong></span> <span class='ocrx_word' id='word_1_137' title='bbox 805 2777 840 2819; x_wconf 91' lang='lat' dir='ltr'><strong>se</strong></span> <span class='ocrx_word' id='word_1_138' title='bbox 861 2754 898 2819; x_wconf 89' lang='lat' dir='ltr'><strong>in</strong></span> <span class='ocrx_word' id='word_1_139' title='bbox 920 2752 985 2817; x_wconf 88' lang='lat' dir='ltr'><strong>illis</strong></span> <span class='ocrx_word' id='word_1_140' title='bbox 1000 2752 1150 2839; x_wconf 85' lang='lat' dir='ltr'><strong>pluribus</strong></span> <span class='ocrx_word' id='word_1_141' title='bbox 1173 2759 1281 2819; x_wconf 89' lang='lat' dir='ltr'><strong>totum</strong></span> 
     </span>
     <span class='ocr_line' id='line_1_20' title="bbox 232 2856 1282 2945; baseline 0.001 -23"><span class='ocrx_word' id='word_1_142' title='bbox 232 2857 334 2923; x_wconf 78' lang='lat' dir='ltr'><strong>faeere</strong></span> <span class='ocrx_word' id='word_1_143' title='bbox 349 2856 505 2944; x_wconf 87' lang='lat' dir='ltr'><strong>quioquid</strong></span> <span class='ocrx_word' id='word_1_144' title='bbox 516 2856 565 2922; x_wconf 90' lang='lat' dir='ltr'><strong>illi</strong></span> <span class='ocrx_word' id='word_1_145' title='bbox 580 2856 621 2921; x_wconf 89' lang='lat' dir='ltr'><strong>de</strong></span> <span class='ocrx_word' id='word_1_146' title='bbox 636 2856 868 2922; x_wconf 77' lang='lat' dir='ltr'><strong>suafaoiebant</strong></span> <span class='ocrx_word' id='word_1_147' title='bbox 884 2860 1055 2945; x_wconf 80' lang='lat' dir='ltr'><strong>potestate,</strong></span> <span class='ocrx_word' id='word_1_148' title='bbox 1068 2860 1108 2920; x_wconf 89' lang='lat' dir='ltr'><strong>ut</strong></span> <span class='ocrx_word' id='word_1_149' title='bbox 1122 2857 1159 2919; x_wconf 91' lang='lat' dir='ltr'><strong>in</strong></span> <span class='ocrx_word' id='word_1_150' title='bbox 1170 2877 1282 2923; x_wconf 86' lang='lat' dir='ltr'><strong>eorum</strong></span> 
     </span>
     <span class='ocr_line' id='line_1_21' title="bbox 233 2957 1283 3045; baseline 0.001 -21"><span class='ocrx_word' id='word_1_151' title='bbox 233 2980 329 3045; x_wconf 85' lang='lat' dir='ltr'><strong>opere</strong></span> <span class='ocrx_word' id='word_1_152' title='bbox 343 2960 412 3045; x_wconf 85' lang='lat' dir='ltr'><strong>ipse</strong></span> <span class='ocrx_word' id='word_1_153' title='bbox 427 2964 512 3025; x_wconf 83' lang='lat' dir='ltr'><strong>esset</strong></span> <span class='ocrx_word' id='word_1_154' title='bbox 528 2980 655 3045; x_wconf 90' lang='lat' dir='ltr'><strong>semper</strong></span> <span class='ocrx_word' id='word_1_155' title='bbox 669 2958 813 3025; x_wconf 84' lang='lat' dir='ltr'><strong>inclusus</strong></span> <span class='ocrx_word' id='word_1_156' title='bbox 828 2964 863 3025; x_wconf 91' lang='lat' dir='ltr'><strong>et</strong></span> <span class='ocrx_word' id='word_1_157' title='bbox 877 2979 1058 3043; x_wconf 87' lang='lat' dir='ltr'><strong>numquam</strong></span> <span class='ocrx_word' id='word_1_158' title='bbox 1074 2957 1231 3036; x_wconf 81' lang='lat' dir='ltr'><strong>exclusus,</strong></span> <span class='ocrx_word' id='word_1_159' title='bbox 1248 2966 1283 3025; x_wconf 89' lang='lat' dir='ltr'><strong>et</strong></span> 
     </span>
     <span class='ocr_line' id='line_1_22' title="bbox 232 3058 1282 3151; baseline 0 -24"><span class='ocrx_word' id='word_1_160' title='bbox 232 3061 296 3127; x_wconf 90' lang='lat' dir='ltr'><strong>nisi</strong></span> <span class='ocrx_word' id='word_1_161' title='bbox 329 3068 478 3147; x_wconf 78' lang='lat' dir='ltr'><strong>respectu</strong></span> <span class='ocrx_word' id='word_1_162' title='bbox 509 3060 670 3127; x_wconf 77' lang='lat' dir='ltr'><strong>aliorum²</strong></span> <span class='ocrx_word' id='word_1_163' title='bbox 691 3068 823 3127; x_wconf 84' lang='lat' dir='ltr'><strong>tantum</strong></span> <span class='ocrx_word' id='word_1_164' title='bbox 862 3062 936 3151; x_wconf 90' lang='lat' dir='ltr'><strong>plus</strong></span> <span class='ocrx_word' id='word_1_165' title='bbox 966 3060 1031 3125; x_wconf 89' lang='lat' dir='ltr'><strong>illis</strong></span> <span class='ocrx_word' id='word_1_166' title='bbox 1061 3058 1224 3126; x_wconf 87' lang='lat' dir='ltr'><strong>laboraret</strong></span> <span class='ocrx_word' id='word_1_167' title='bbox 1246 3062 1282 3127; x_wconf 93' lang='lat' dir='ltr'><strong>in</strong></span> 
     </span>
     <span class='ocr_line' id='line_1_23' title="bbox 233 3160 1283 3251; baseline 0.005 -24"><span class='ocrx_word' id='word_1_168' title='bbox 233 3185 331 3229; x_wconf 88' lang='lat' dir='ltr'><strong>onere</strong></span> <span class='ocrx_word' id='word_1_169' title='bbox 361 3164 474 3250; x_wconf 86' lang='lat' dir='ltr'><strong>populi</strong></span> <span class='ocrx_word' id='word_1_170' title='bbox 506 3163 729 3251; x_wconf 88' lang='lat' dir='ltr'><strong>supportando</strong></span> <span class='ocrx_word' id='word_1_171' title='bbox 759 3164 847 3250; x_wconf 93' lang='lat' dir='ltr'><strong>quod</strong></span> <span class='ocrx_word' id='word_1_172' title='bbox 885 3186 997 3229; x_wconf 86' lang='lat' dir='ltr'><strong>aarum</strong></span> <span class='ocrx_word' id='word_1_173' title='bbox 1030 3160 1123 3226; x_wconf 87' lang='lat' dir='ltr'><strong>labor</strong></span> <span class='ocrx_word' id='word_1_174' title='bbox 1153 3164 1190 3229; x_wconf 90' lang='lat' dir='ltr'><strong>in</strong></span> <span class='ocrx_word' id='word_1_175' title='bbox 1221 3164 1283 3233; x_wconf 83' lang='lat' dir='ltr'><strong>hoo</strong></span> 
     </span>
     <span class='ocr_line' id='line_1_24' title="bbox 232 3264 1282 3354; baseline 0.003 -24"><span class='ocrx_word' id='word_1_176' title='bbox 232 3271 327 3351; x_wconf 81' lang='lat' dir='ltr'><strong>parte</strong></span> <span class='ocrx_word' id='word_1_177' title='bbox 349 3266 444 3352; x_wconf 86' lang='lat' dir='ltr'><strong>quasi</strong></span> <span class='ocrx_word' id='word_1_178' title='bbox 457 3266 542 3333; x_wconf 86' lang='lat' dir='ltr'><strong>nihil</strong></span> <span class='ocrx_word' id='word_1_179' title='bbox 563 3270 650 3331; x_wconf 87' lang='lat' dir='ltr'><strong>esset</strong></span> <span class='ocrx_word' id='word_1_180' title='bbox 670 3264 791 3333; x_wconf 87' lang='lat' dir='ltr'><strong>laboris</strong></span> <span class='ocrx_word' id='word_1_181' title='bbox 806 3267 1072 3354; x_wconf 82' lang='lat' dir='ltr'><strong>comparatione³</strong></span> <span class='ocrx_word' id='word_1_182' title='bbox 1095 3269 1153 3333; x_wconf 88' lang='lat' dir='ltr'><strong>sui.</strong></span> <span class='ocrx_word' id='word_1_183' title='bbox 1200 3266 1282 3346; x_wconf 79' lang='lat' dir='ltr'><strong>Quae</strong></span> 
     </span>
     <span class='ocr_line' id='line_1_25' title="bbox 233 3368 1282 3454; baseline 0 -21"><span class='ocrx_word' id='word_1_184' title='bbox 233 3369 333 3437; x_wconf 84' lang='lat' dir='ltr'><strong>etiam</strong></span> <span class='ocrx_word' id='word_1_185' title='bbox 349 3390 391 3435; x_wconf 82' lang='lat' dir='ltr'><strong>ex</strong></span> <span class='ocrx_word' id='word_1_186' title='bbox 405 3368 514 3434; x_wconf 88' lang='lat' dir='ltr'><strong>verbis</strong></span> <span class='ocrx_word' id='word_1_187' title='bbox 523 3368 660 3433; x_wconf 89' lang='lat' dir='ltr'><strong>Domini</strong></span> <span class='ocrx_word' id='word_1_188' title='bbox 671 3370 946 3454; x_wconf 83' lang='lat' dir='ltr'><strong>consequentibus</strong></span> <span class='ocrx_word' id='word_1_189' title='bbox 956 3370 1003 3435; x_wconf 86' lang='lat' dir='ltr'><strong>ita</strong></span> <span class='ocrx_word' id='word_1_190' title='bbox 1019 3394 1053 3435; x_wconf 87' lang='lat' dir='ltr'><strong>se</strong></span> <span class='ocrx_word' id='word_1_191' title='bbox 1068 3370 1187 3437; x_wconf 90' lang='lat' dir='ltr'><strong>habere</strong></span> <span class='ocrx_word' id='word_1_192' title='bbox 1202 3370 1282 3433; x_wconf 87' lang='lat' dir='ltr'><strong>satis</strong></span> 
     </span>
     <span class='ocr_line' id='line_1_26' title="bbox 233 3469 1281 3559; baseline 0.004 -26"><span class='ocrx_word' id='word_1_193' title='bbox 233 3469 443 3535; x_wconf 88' lang='lat' dir='ltr'><strong>manifestum</strong></span> <span class='ocrx_word' id='word_1_194' title='bbox 474 3476 544 3547; x_wconf 88' lang='lat' dir='ltr'><strong>est;</strong></span> <span class='ocrx_word' id='word_1_195' title='bbox 575 3471 624 3535; x_wconf 89' lang='lat' dir='ltr'><strong>ait</strong></span> <span class='ocrx_word' id='word_1_196' title='bbox 655 3470 743 3535; x_wconf 88' lang='lat' dir='ltr'><strong>enim</strong></span> <span class='ocrx_word' id='word_1_197' title='bbox 781 3471 943 3537; x_wconf 90' lang='lat' dir='ltr'><strong>Dominus</strong></span> <span class='ocrx_word' id='word_1_198' title='bbox 976 3476 1207 3559; x_wconf 85' lang='lat' dir='ltr'><strong>consequenter</strong></span> <span class='ocrx_word' id='word_1_199' title='bbox 1239 3470 1281 3537; x_wconf 90' lang='lat' dir='ltr'><strong>ad</strong></span> 
     </span>
     <span class='ocr_line' id='line_1_27' title="bbox 235 3571 1281 3659; baseline 0.002 -22"><span class='ocrx_word' id='word_1_200' title='bbox 235 3574 380 3659; x_wconf 85' lang='lat' dir='ltr'><strong>Moysen,</strong></span> <span class='ocrx_word' id='word_1_201' title='bbox 406 3571 579 3657; x_wconf 76' lang='lat' dir='ltr'><strong>Oooprepo</strong></span> <span class='ocrx_word' id='word_1_202' title='bbox 609 3572 699 3637; x_wconf 79' lang='lat' dir='ltr'><strong>milri</strong></span> <span class='ocrx_word' id='word_1_203' title='bbox 721 3572 939 3659; x_wconf 54' lang='lat' dir='ltr'><strong>repromitto</strong></span> <span class='ocrx_word' id='word_1_204' title='bbox 960 3574 1051 3639; x_wconf 79' lang='lat' dir='ltr'><strong>uiros</strong></span> <span class='ocrx_word' id='word_1_205' title='bbox 1074 3574 1114 3641; x_wconf 83' lang='lat' dir='ltr'><strong>do</strong></span> <span class='ocrx_word' id='word_1_206' title='bbox 1139 3572 1281 3639; x_wconf 70' lang='lat' dir='ltr'><strong>seniori-</strong></span> 
     </span>
     <span class='ocr_line' id='line_1_28' title="bbox 235 3673 1282 3761; baseline 0.001 -21"><span class='ocrx_word' id='word_1_207' title='bbox 235 3674 295 3740; x_wconf 79' lang='lat' dir='ltr'><strong>bus</strong></span> <span class='ocrx_word' id='word_1_208' title='bbox 324 3673 435 3740; x_wconf 73' lang='lat' dir='ltr'><strong>Israel</strong></span> <span class='ocrx_word' id='word_1_209' title='bbox 465 3696 546 3759; x_wconf 82' lang='lat' dir='ltr'><strong>quoa</strong></span> <span class='ocrx_word' id='word_1_210' title='bbox 579 3682 618 3740; x_wconf 79' lang='lat' dir='ltr'><strong>to</strong></span> <span class='ocrx_word' id='word_1_211' title='bbox 651 3674 741 3739; x_wconf 73' lang='lat' dir='ltr'><strong>nosti</strong></span> <span class='ocrx_word' id='word_1_212' title='bbox 774 3674 863 3760; x_wconf 78' lang='lat' dir='ltr'><strong>qood</strong></span> <span class='ocrx_word' id='word_1_213' title='bbox 885 3698 976 3741; x_wconf 76' lang='lat' dir='ltr'><strong>osaea</strong></span> <span class='ocrx_word' id='word_1_214' title='bbox 993 3675 1120 3761; x_wconf 78' lang='lat' dir='ltr'><strong>populi</strong></span> <span class='ocrx_word' id='word_1_215' title='bbox 1150 3674 1221 3741; x_wconf 78' lang='lat' dir='ltr'><strong>sint</strong></span> <span class='ocrx_word' id='word_1_216' title='bbox 1243 3697 1282 3741; x_wconf 84' lang='lat' dir='ltr'><strong>oo</strong></span> 
     </span>
     <span class='ocr_line' id='line_1_29' title="bbox 234 3774 1280 3863; baseline 0.003 -22"><span class='ocrx_word' id='word_1_217' title='bbox 234 3776 394 3861; x_wconf 68' lang='lat' dir='ltr'><strong>mopiam</strong></span> <span class='ocrx_word' id='word_1_218' title='bbox 404 3800 418 3855; x_wconf 88' lang='lat'><strong>,·</strong></span> <span class='ocrx_word' id='word_1_219' title='bbox 441 3783 471 3841; x_wconf 83' lang='lat' dir='ltr'><strong>et</strong></span> <span class='ocrx_word' id='word_1_220' title='bbox 494 3776 592 3841; x_wconf 74' lang='lat' dir='ltr'><strong>dames</strong></span> <span class='ocrx_word' id='word_1_221' title='bbox 613 3798 664 3841; x_wconf 80' lang='lat' dir='ltr'><strong>eoa</strong></span> <span class='ocrx_word' id='word_1_222' title='bbox 686 3774 734 3841; x_wconf 84' lang='lat' dir='ltr'><strong>od</strong></span> <span class='ocrx_word' id='word_1_223' title='bbox 755 3775 882 3841; x_wconf 78' lang='lat' dir='ltr'><strong>ostium</strong></span> <span class='ocrx_word' id='word_1_224' title='bbox 904 3776 1113 3843; x_wconf 76' lang='lat' dir='ltr'><strong>toberrroooli</strong></span> <span class='ocrx_word' id='word_1_225' title='bbox 1131 3776 1280 3863; x_wconf 64' lang='lat' dir='ltr'><strong>sudatus,</strong></span> 
     </span>
     <span class='ocr_line' id='line_1_30' title="bbox 226 3876 1281 3967; baseline -0.003 -21"><span class='ocrx_word' id='word_1_226' title='bbox 226 3878 398 3965; x_wconf 74' lang='lat' dir='ltr'><strong>foriesth</strong></span> <span class='ocrx_word' id='word_1_227' title='bbox 419 3877 472 3943; x_wconf 79' lang='lat' dir='ltr'><strong>ibi</strong></span> <span class='ocrx_word' id='word_1_228' title='bbox 493 3885 580 3943; x_wconf 73' lang='lat' dir='ltr'><strong>stare</strong></span> <span class='ocrx_word' id='word_1_229' title='bbox 603 3885 720 3955; x_wconf 77' lang='lat' dir='ltr'><strong>terum,</strong></span> <span class='ocrx_word' id='word_1_230' title='bbox 736 3876 991 3945; x_wconf 67' lang='lat' dir='ltr'><strong>attestandum</strong></span> <span class='ocrx_word' id='word_1_231' title='bbox 1013 3887 1043 3945; x_wconf 81' lang='lat' dir='ltr'><strong>ot</strong></span> <span class='ocrx_word' id='word_1_232' title='bbox 1057 3879 1178 3967; x_wconf 77' lang='lat' dir='ltr'><strong>loquor</strong></span> <span class='ocrx_word' id='word_1_233' title='bbox 1193 3878 1281 3959; x_wconf 71' lang='lat' dir='ltr'><strong>atti,-</strong></span> 
     </span>
     <span class='ocr_line' id='line_1_31' title="bbox 233 3979 1283 4067; baseline -0.002 -18"><span class='ocrx_word' id='word_1_234' title='bbox 233 3989 264 4049; x_wconf 67' lang='grc' dir='ltr'><strong>εἰ</strong></span> <span class='ocrx_word' id='word_1_235' title='bbox 286 3980 443 4066; x_wconf 80' lang='lat' dir='ltr'><strong>auferam</strong></span> <span class='ocrx_word' id='word_1_236' title='bbox 458 3979 499 4047; x_wconf 83' lang='lat' dir='ltr'><strong>de</strong></span> <span class='ocrx_word' id='word_1_237' title='bbox 520 3979 723 4065; x_wconf 70' lang='lat' dir='ltr'><strong>spiritatem</strong></span> <span class='ocrx_word' id='word_1_238' title='bbox 746 3980 945 4067; x_wconf 74' lang='lat' dir='ltr'><strong>tradamque</strong></span> <span class='ocrx_word' id='word_1_239' title='bbox 968 3981 1024 4057; x_wconf 82' lang='lat' dir='ltr'><strong>eis,</strong></span> <span class='ocrx_word' id='word_1_240' title='bbox 1038 3989 1078 4049; x_wconf 79' lang='lat' dir='ltr'><strong>ut</strong></span> <span class='ocrx_word' id='word_1_241' title='bbox 1100 3988 1283 4049; x_wconf 74' lang='lat' dir='ltr'><strong>sustentent</strong></span> 
     </span>
     <span class='ocr_line' id='line_1_32' title="bbox 235 4082 1282 4171; baseline -0.002 -20"><span class='ocrx_word' id='word_1_242' title='bbox 235 4092 342 4151; x_wconf 71' lang='lat' dir='ltr'><strong>taum</strong></span> <span class='ocrx_word' id='word_1_243' title='bbox 364 4104 451 4151; x_wconf 69' lang='lat' dir='ltr'><strong>oraora</strong></span> <span class='ocrx_word' id='word_1_244' title='bbox 478 4082 613 4169; x_wconf 77' lang='lat' dir='ltr'><strong>populi,</strong></span> <span class='ocrx_word' id='word_1_245' title='bbox 637 4090 667 4149; x_wconf 78' lang='lat' dir='ltr'><strong>et</strong></span> <span class='ocrx_word' id='word_1_246' title='bbox 688 4104 761 4149; x_wconf 74' lang='lat' dir='ltr'><strong>raon</strong></span> <span class='ocrx_word' id='word_1_247' title='bbox 782 4090 821 4151; x_wconf 80' lang='lat' dir='ltr'><strong>tu</strong></span> <span class='ocrx_word' id='word_1_248' title='bbox 842 4084 933 4149; x_wconf 82' lang='lat' dir='ltr'><strong>solus</strong></span> <span class='ocrx_word' id='word_1_249' title='bbox 953 4084 1115 4171; x_wconf 75' lang='lat' dir='ltr'><strong>properis.</strong></span> <span class='ocrx_word' id='word_1_250' title='bbox 1162 4084 1204 4149; x_wconf 92' lang='lat' dir='ltr'><strong>In</strong></span> <span class='ocrx_word' id='word_1_251' title='bbox 1230 4084 1282 4149; x_wconf 89' lang='lat' dir='ltr'><strong>his</strong></span> 
     </span>
     <span class='ocr_line' id='line_1_33' title="bbox 235 4186 1281 4272; baseline -0.006 -16"><span class='ocrx_word' id='word_1_252' title='bbox 235 4208 377 4272; x_wconf 87' lang='lat' dir='ltr'><strong>namque</strong></span> <span class='ocrx_word' id='word_1_253' title='bbox 391 4186 501 4251; x_wconf 86' lang='lat' dir='ltr'><strong>verbis</strong></span> <span class='ocrx_word' id='word_1_254' title='bbox 517 4186 686 4253; x_wconf 86' lang='lat' dir='ltr'><strong>evidenter</strong></span> <span class='ocrx_word' id='word_1_255' title='bbox 702 4186 888 4253; x_wconf 86' lang='lat' dir='ltr'><strong>ostenditur</strong></span> <span class='ocrx_word' id='word_1_256' title='bbox 899 4188 985 4272; x_wconf 90' lang='lat' dir='ltr'><strong>quod</strong></span> <span class='ocrx_word' id='word_1_257' title='bbox 994 4186 1031 4251; x_wconf 92' lang='lat' dir='ltr'><strong>in</strong></span> <span class='ocrx_word' id='word_1_258' title='bbox 1041 4187 1281 4253; x_wconf 83' lang='lat' dir='ltr'><strong>alleviationem</strong></span> 
     </span>
    </p>
   </div>
   <div class='ocr_carea' id='block_1_3' title="bbox 235 4546 1278 4771">
    <p class='ocr_par' dir='ltr' id='par_1_3' title="bbox 235 4546 1278 4771">
     <span class='ocr_line' id='line_1_34' title="bbox 271 4546 1278 4613; baseline 0.025 -36"><span class='ocrx_word' id='word_1_259' title='bbox 271 4546 371 4613; x_wconf 58' lang='lat' dir='ltr'><strong>rqwd]</strong></span> <span class='ocrx_word' id='word_1_260' title='bbox 390 4564 460 4612; x_wconf 81' lang='lat' dir='ltr'><strong>quos,</strong></span> <span class='ocrx_word' id='word_1_261' title='bbox 472 4546 554 4602; x_wconf 81' lang='lat' dir='ltr'><strong>Trio..</strong></span> <span class='ocrx_word' id='word_1_262' title='bbox 568 4550 617 4597; x_wconf 82' lang='lat'><strong>01.</strong></span> <span class='ocrx_word' id='word_1_263' title='bbox 813 4546 1030 4611; x_wconf 59' lang='lat' dir='ltr'><strong>&#39;comparutiood</strong></span> <span class='ocrx_word' id='word_1_264' title='bbox 1099 4547 1278 4611; x_wconf 80' lang='lat' dir='ltr'><strong>cooperatione.</strong></span> 
     </span>
     <span class='ocr_line' id='line_1_35' title="bbox 268 4624 1047 4695; baseline 0.013 -19"><span class='ocrx_word' id='word_1_265' title='bbox 268 4633 403 4695; x_wconf 72' lang='lat' dir='ltr'><strong>⁴·&#39;reapectu</strong></span> <span class='ocrx_word' id='word_1_266' title='bbox 424 4629 539 4695; x_wconf 64' lang='lat' dir='ltr'><strong>simron]</strong></span> <span class='ocrx_word' id='word_1_267' title='bbox 563 4645 614 4681; x_wconf 82' lang='lat' dir='ltr'><strong>una</strong></span> <span class='ocrx_word' id='word_1_268' title='bbox 637 4628 730 4693; x_wconf 85' lang='lat' dir='ltr'><strong>aliquo·</strong></span> <span class='ocrx_word' id='word_1_269' title='bbox 781 4624 986 4692; x_wconf 60' lang='lat' dir='ltr'><strong>c‚c‚c‚.‚Trin.,</strong></span> <span class='ocrx_word' id='word_1_270' title='bbox 999 4624 1047 4676; x_wconf 82' lang='lat'><strong>0¹·</strong></span> 
     </span>
     <span class='ocr_line' id='line_1_36' title="bbox 235 4710 382 4771; baseline 0.014 -14"><span class='ocrx_word' id='word_1_271' title='bbox 235 4710 382 4771; x_wconf 74' lang='lat' dir='ltr'><strong>rum,Trin,</strong></span> 
     </span>
    </p>
   </div>
   <div class='ocr_carea' id='block_1_4' title="bbox 0 0 1771 5784">
    <p class='ocr_par' dir='ltr' id='par_1_4' title="bbox 0 0 1771 5784">
     <span class='ocr_line' id='line_1_37' title="bbox 0 0 1771 5784; baseline 0 0"><span class='ocrx_word' id='word_1_272' title='bbox 0 0 1771 5784; x_wconf 95' lang='lat' dir='ltr'><strong> </strong></span> 
     </span>
    </p>
   </div>
  </div>
 </body>
</html>
