3500 5784
739 904 918 956 emmona.
1287 895 1349 960 181

304 1084 424 1145 vestras
460 1077 558 1158 aelus,
592 1099 638 1145 ns
666 1083 763 1146 mnia
798 1079 871 1146 luce
909 1080 1057 1147 extincta
1085 1083 1139 1148 vel
1176 1083 1352 1166 obtinento,

304 1180 395 1268 quod
416 1185 546 1247 avertat
561 1180 636 1247 Lux
657 1204 743 1261 vera,
758 1182 918 1270 obtegant
933 1187 968 1249 et
982 1182 1162 1251 obvolvant
1176 1187 1351 1272 regionem,

305 1307 405 1370 quam
426 1306 495 1371 prae
517 1281 591 1350 aliis
613 1284 796 1372 specialiter
826 1286 944 1372 diligit,
968 1287 1115 1373 antiquae
1130 1288 1303 1382 e[rr]0rum
1318 1295 1353 1355 et

304 1391 510 1474 pomarum
534 1386 687 1468 eneam,
711 1387 781 1473 jam
807 1388 890 1453 uas
917 1409 1029 1454 eorum
1051 1389 1153 1455 mors
1174 1372 1352 1477 pluimum

303 1489 463 1576 effugata.
509 1488 776 1555 Incolumitatem
799 1495 945 1557 vestram
967 1497 1137 1558 conservet
1160 1493 1352 1561 Altissimus

291 1612 362 1696 ⁸per
383 1595 530 1677 tempora
551 1590 649 1678 longa
670 1591 753 1658 mihi
776 1604 811 1658 et
832 1591 986 1659 Ecclesiae
1008 1615 1084 1660 suae.

782 1880 871 1947 LIX.

312 2041 505 2112 Venerabili
528 2042 572 2109 ain
599 2040 731 2111 Uiriato
752 2041 861 2129 patri,
893 2039 961 2109 Dei
989 2041 1108 2129 pratia
1136 2041 1349 2133 [Bannatia]
1399 2057 1484 2107 rasse

391 2145 558 2233 Episcopo
581 2143 741 2225 Ostiensi,
765 2151 890 2211 sonare
912 2144 1079 2211 Rectene
1101 2144 1243 2212 eeclesia
1264 2146 1348 2214 Oar-
1528 2141 1533 2153 ¹

393 2247 522 2326 Maeli,
536 2246 701 2314 liebertus
711 2245 936 2334 manissime
954 2245 1082 2314 divina
1095 2247 1351 2314 lincolniensis

392 2349 535 2417 ecclesia
543 2348 870 2429 minmterbwmilia,
883 2348 1028 2415 salutern
1037 2355 1067 2416 et
1081 2371 1187 2436 qaam
1202 2349 1351 2417 debitam

391 2459 464 2520 tum
486 2451 640 2518 devotant
661 2473 742 2518 eura
763 2450 862 2518 ornati
884 2451 1073 2520 reverentie
1096 2450 1327 2520 obedientiam.

347 2627 432 2694 Cum
462 2625 594 2691 Fratres
617 2625 760 2690 Minores
787 2647 846 2713 per
875 2647 1013 2712 regnum
1029 2625 1161 2713 Angliae
1175 2626 1349 2693 constituti
1362 2638 1419 2691 The
1432 2639 1518 2692 iriam

301 2753 360 2796 sua
381 2728 506 2795 salubri
530 2727 762 2816 praedicatione
784 2727 943 2815 populum
966 2726 1138 2795 efficaciter
1158 2728 1349 2796 illuminent
1362 2707 1518 2825 fflffl

301 2834 344 2899 ad
373 2833 549 2898 veritatem
583 2830 846 2918 cognoscendam,
870 2835 905 2896 et
937 2853 1006 2896 suas
1035 2831 1248 2899 sanctissimae
1274 2855 1349 2899 con·
1362 2841 1501 2892 dedmthe

301 2934 496 3001 versationis
527 2933 676 3020 exemplo
698 2933 909 2999 vehementer
936 2933 1115 3000 accendant
1145 2934 1285 3001 eundem
1307 2908 1510 3024 3418ῗῇζῇ

301 3037 476 3104 veritatem
504 3035 695 3113 faciendam,
718 3041 759 3100 ut
781 3041 940 3121 tanquam
961 3035 1021 3100 lux
1051 3058 1139 3102 nova
1160 3036 1350 3104 illuminans
1362 3041 1479 3106 Raynud

301 3145 336 3206 et
364 3143 522 3226 vegetans
550 3135 761 3204 intenebris
782 3136 944 3204 videatur
977 3145 1098 3216 mono,
1130 3159 1190 3204 vos
1221 3107 1517 3238 qnoque{iffssfss'pwe

304 3265 372 3330 prae
394 3239 522 3307 caeteris
550 3243 626 3327 post
656 3261 821 3305 summum
844 3239 1036 3308 Pontificem
1062 3239 1286 3328 principaliter
1316 3239 1509 3308 etAlemder

303 3342 489 3431 specialiter
509 3341 721 3409 constituerit
744 3341 907 3406 Dominus
929 3341 1053 3408 eisdem
1074 3340 1112 3406 in
1131 3342 1294 3432 refugium
1316 3307 1468 3440 atgaf·
1481 3394 1504 3438 4·

302 3449 531 3536 protectorem,
562 3448 604 3510 ut
638 3443 701 3509 sub
730 3444 791 3509 alis
820 3444 940 3509 vestris
972 3441 1146 3511 foveantur
1175 3447 1218 3510 ad
1249 3447 1352 3514 incre-

304 3553 416 3613 menta
447 3546 610 3612 bonorum
640 3551 675 3612 et
704 3550 921 3634 protegantur
950 3551 1064 3612 contra
1095 3547 1350 3615 machinationes

302 3651 469 3715 malorum.
528 3646 585 3713 Ad
629 3653 774 3713 vestram
818 3647 1004 3736 specialiter
1047 3652 1082 3714 et
1126 3649 1351 3737 principaliter

301 3757 427 3840 spectat
456 3751 711 3817 sollicitudinem
740 3755 836 3816 tanta
856 3750 894 3815 in
921 3750 967 3816 eis
997 3753 1033 3816 et
1061 3772 1120 3838 per
1142 3773 1196 3818 eos
1218 3752 1254 3818 in
1276 3753 1350 3818 aliis

298 3877 367 3921 non
390 3855 497 3919 solum
519 3852 680 3932 inchoata,
706 3851 764 3919 sed
794 3857 830 3918 et
859 3852 1040 3940 plurimum
1070 3860 1224 3940 provecta
1252 3855 1348 3937 bona,

300 3959 343 4024 ad
369 3956 527 4044 ampliora
548 3957 750 4022 incrementa
775 3955 954 4035 confovere,
977 3960 1013 4021 ct
1034 3955 1242 4024 imminentia
1264 3960 1350 4024 mala

304 4059 578 4146 adversantiaque
608 4057 713 4123 tantm
736 4057 833 4124 bonis
856 4057 959 4145 clipeo
985 4064 1103 4125 vestrae
1136 4060 1349 4147 protectionis

303 4161 481 4229 excludere.
535 4160 629 4227 Licet
658 4160 772 4247 itaque
804 4157 971 4248 praedictis
1002 4160 1159 4228 fratribus
1192 4163 1349 4249 praedicta

302 4265 449 4332 debeatis
482 4263 665 4351 specialiter
696 4285 738 4328 ex
775 4263 968 4350 protectoris
1007 4263 1120 4343 officio,
1159 4287 1219 4330 nee
1254 4271 1349 4354 egeat

300 4372 420 4434 vestrae
443 4365 628 4434 sanctitatis
650 4365 740 4432 zelus
764 4365 1050 4432 exhortationibus
1072 4388 1130 4432 seu
1149 4367 1297 4453 precibus
1312 4371 1348 4434 in

300 4471 360 4536 hae
396 4475 492 4558 parte
529 4468 702 4549 stimulari,
740 4489 814 4534 cum
851 4469 921 4556 ipse
958 4466 1216 4536 ferventissimus
1258 4472 1348 4538 zelus

300 4577 411 4639 vester
432 4572 477 4637 sit
499 4569 662 4638 sufficiens
691 4571 845 4637 stimulus
876 4569 941 4637 sibi
973 4571 1045 4659 ipsi,
1069 4593 1136 4637 non
1157 4577 1267 4659 potest
1296 4579 1347 4640 ta

299 4698 377 4744 men
405 4675 541 4741 affectus
564 4696 664 4754 meus,
686 4697 784 4762 quem
806 4676 849 4741 ad
877 4674 1031 4762 praefatos
1057 4675 1175 4742 iratres
1196 4699 1264 4744 non
1285 4678 1348 4743 im·

302 4779 421 4849 merito
442 4800 530 4868 gero,
545 4777 647 4859 silere,
663 4778 721 4852 sed
737 4779 826 4868 cogit
846 4778 991 4867 seipsum
1012 4777 1207 4866 paternitati
1226 4785 1346 4850 vestra
