3500 5784
432 831 500 900 252
760 855 908 904 aosaarr
931 855 1162 905 ouossarrsrn

431 1045 563 1110 precum
585 1025 727 1091 stimulis
749 1048 822 1092 eam
844 1025 1086 1114 interpellando
1113 1027 1297 1104 incitamus,
1326 1025 1485 1112 quatinus

306 1141 316 1158 ·
430 1126 474 1192 ad
496 1128 581 1194 hanc
602 1151 715 1215 paoem
737 1129 908 1196 internos
934 1135 969 1196 et
1001 1129 1181 1218 eapitulurn
1212 1133 1364 1194 nostrum
1386 1127 1484 1194 form-

361 1263 366 1274 ⁴
431 1231 552 1296 andam
584 1236 620 1298 et
649 1233 845 1298 firmandam
879 1233 1027 1300 laborare
1062 1233 1224 1320 dignetur.
1271 1231 1411 1297 Noverit
1433 1231 1483 1296 in·

430 1353 529 1418 super
565 1335 713 1400 caritatis
745 1340 865 1402 vestrae
904 1335 1057 1402 discretio
1094 1333 1182 1421 quod
1218 1333 1337 1399 libenti
1374 1333 1482 1400 animo

430 1435 609 1502 secundm
631 1437 921 1504 commonitionem
935 1442 1091 1519 vestram,
1111 1457 1215 1522 usque
1237 1437 1281 1501 ad
1293 1436 1481 1529 =adventum

430 1543 577 1605 vestrum
614 1540 651 1604 in
687 1545 798 1626 partes
832 1546 972 1622 nostras,
1001 1547 1256 1626 temperaremus
1289 1537 1332 1604 ab
1364 1538 1415 1603 his
1445 1541 1480 1604 in

428 1641 548 1728 quibus
570 1643 724 1707 novimus
753 1643 934 1729 capitulum
975 1648 1125 1708 nostrum
1158 1642 1249 1730 juste
1272 1642 1327 1708 vel
1360 1641 1479 1726 injuste

428 1745 604 1824 molestari,
626 1745 691 1810 nisi
713 1767 771 1832 per
792 1744 1008 1812 dilationem¹
1032 1744 1236 1812 executionis
1257 1743 1356 1810 officii
1376 1746 1479 1811 nostri

261 1845 410 1912 Theyhnve
428 1849 630 1914 crederemus
652 1849 794 1914 firmiter
815 1849 911 1914 nobis
932 1847 1162 1935 praejudicium
1183 1847 1341 1935 generari.
1387 1847 1478 1914 Into·

261 1913 505 2030 ffiffnuit
534 1953 623 2018 enim
656 1952 753 2018 nobis
784 1975 844 2038 pro
875 1959 964 2020 certo
998 1959 1074 2040 post
1108 1973 1269 2017 recessum
1293 1956 1437 2016 vestrum
1458 1975 1478 2016 a

261 2045 407 2166 fflffie
429 2054 580 2142 partibus
602 2055 731 2135 nostris,
755 2056 844 2142 quod
865 2055 1007 2122 decanus
1029 2061 1064 2121 et
1086 2055 1266 2141 capitulum
1287 2059 1437 2120 nostrum
1458 2077 1478 2119 a

260 2181 360 2231 Roman
429 2157 513 2224 festo
534 2157 743 2224 Pentecosten
766 2158 914 2245 proximo
937 2158 1107 2246 praeterito
1121 2156 1309 2222 habuerunt
1331 2179 1479 2243 procura-

261 2248 405 2366 ffg'fflsp
429 2266 535 2327 torem
556 2261 593 2326 in
614 2261 706 2327 curia
726 2261 770 2326 ad
791 2261 1038 2348 impetrandum
1061 2265 1177 2326 contra
1201 2281 1269 2338 nos,
1293 2260 1336 2325 ad
1353 2259 1477 2346 judices

259 2381 498 2446 reneganenon
518 2363 684 2430 immerito
705 2363 801 2429 nobis
823 2369 1001 2451 suspectos,
1025 2363 1138 2430 literas
1159 2363 1362 2428 executionis
1384 2362 1477 2427 officii

257 2447 352 2578 ἓξὲξ
430 2467 536 2533 nostri
557 2463 778 2553 impeditivas,
803 2471 839 2532 et
869 2467 938 2545 hoc,
962 2473 1002 2531 ut
1033 2465 1187 2546 creditur,
1210 2465 1252 2530 ab
1286 2485 1399 2530 eorum
1420 2465 1478 2530 ali-

261 2582 387 2634 vhomae
429 2570 557 2656 quibus,
589 2591 632 2634 ne
661 2569 769 2634 dicam
800 2568 844 2634 ab
874 2569 1037 2648 omnibus,
1060 2567 1256 2647 intenditur,
1291 2571 1331 2632 ut
1364 2566 1477 2632 litibus

260 2657 378 2714 rapsa
428 2671 670 2738 immortalibus
692 2671 821 2738 detenti
851 2672 894 2737 ab
926 2671 1023 2736 officii
1057 2671 1163 2736 nostri
1194 2669 1386 2736 executione
1407 2693 1478 2756 per-

426 2779 528 2862 petuo
564 2773 811 2860 praepediamur.
873 2773 1045 2855 Quantum
1082 2773 1171 2838 enim
1208 2795 1268 2838 nos
1300 2773 1475 2838 secundum

426 2877 652 2943 modicitatem
673 2882 822 2941 nostram
845 2875 1026 2962 dijudicare
1057 2897 1235 2962 possumus,
1258 2875 1344 2940 nihil
1365 2876 1401 2940 iu
1423 2897 1475 2941 eos

425 2980 480 3045 vel
511 3001 624 3045 comm
658 2978 808 3044 subditos
841 2999 992 3045 exercere
1023 2978 1262 3058 contendimus,
1295 2978 1360 3044 nisi
1390 2981 1476 3065 quod

426 3082 604 3148 secundum
637 3081 694 3168 jus
731 3081 883 3148 divinum
921 3085 956 3146 et
993 3081 1187 3148 canonicum
1220 3081 1263 3146 ad
1297 3079 1475 3170 'episcopale

425 3189 554 3272 spectat
577 3183 725 3264 officium,
760 3183 913 3269 quodque
946 3205 967 3248 a
1000 3184 1075 3249 sede
1109 3183 1287 3271 apostolica
1316 3184 1354 3248 in
1383 3185 1477 3250 fulci·

425 3291 575 3353 mentum
592 3285 678 3372 juris
699 3286 883 3352 communis
905 3291 940 3352 et
969 3285 1144 3352 ordinaria
1175 3286 1350 3372 potestatis
1381 3286 1475 3352 nobis

425 3389 609 3476 specialiter
630 3393 683 3454 est
697 3409 883 3455 conoessum
898 3393 933 3455 et
956 3389 1131 3467 indultum,
1156 3395 1191 3454 et
1213 3389 1301 3474 quod
1323 3389 1475 3455 omittere

258 3495 300 3545 110
311 3496 363 3576 viu
374 3503 401 3548 tt
424 3514 494 3559 non
529 3513 701 3579 possumus
737 3491 859 3576 absque
897 3490 1084 3557 discrimine
1118 3491 1311 3557 animarum.
1357 3491 1474 3577 Siquid

256 3577 322 3694 ἵζοιο,
331 3579 390 3681 prae
425 3600 537 3662 autem
558 3617 618 3682 per
638 3594 839 3682 imperitiam
861 3599 1010 3660 nostram
1044 3595 1172 3682 decepti
1205 3595 1315 3660 minus
1346 3596 1474 3661 canoni-

256 3695 381 3814 ffissthw
425 3721 501 3764 cum
522 3697 840 3785 attemptaverimus‚
864 3718 939 3763 curn
961 3696 1021 3763 hoc
1043 3697 1138 3763 nobis
1161 3697 1332 3784 patueris,
1348 3719 1473 3786 semper

256 3781 381 3897 ,ωε
420 3802 563 3889 juvante
586 3799 736 3879 Domino,
752 3800 862 3887 parati
884 3800 1006 3866 erimus
1025 3800 1068 3866 ab
1091 3805 1292 3886 attemptato
1310 3800 1471 3880 desistere,

424 3909 534 3970 errata
555 3903 715 3991 corrigere
736 3909 772 3970 et
794 3903 835 3970 de
860 3904 1118 3990 transgressione
1151 3904 1353 3981 satisfacere;
1384 3904 1471 3990 quod

423 4008 546 4095 pluries
583 4012 652 4073 tam
690 4007 778 4073 dicto
809 4028 909 4093 quam
946 4006 1076 4093 scripto,
1108 4007 1231 4074 decano
1262 4010 1297 4072 et
1329 4007 1470 4092 capitulo

423 4115 537 4176 nostro
558 4109 795 4188 intimavimus,
820 4115 853 4175 et
875 4114 915 4175 ut
937 4108 1033 4174 nobis
1048 4131 1172 4174 errores
1194 4113 1324 4174 nostros
1345 4109 1471 4176 ratione

422 4235 480 4279 seu
496 4212 571 4299 jure
592 4213 725 4299 scripto,
746 4232 815 4277 non
835 4211 905 4278 sola
927 4233 1040 4277 eorum
1062 4212 1248 4290 assertione,
1260 4211 1473 4278 amicabiliter

422 4314 642 4396 ostenderent,
664 4313 928 4402 supplicavimus,
951 4320 991 4382 ut
1021 4314 1187 4403 patefacta
1208 4313 1350 4380 veritate
1372 4313 1472 4380 desis

423 4559 471 4567 ι...-
484 4559 1465 4568 --ι--ῄ--Ἣ--ι--κ--α--ψ--ι--κ-α

458 4730 466 4759 ¹
483 4727 632 4796 dilutionem]
651 4728 817 4790 dilectionem,
830 4727 920 4781 0.c.c.
944 4726 950 4794 Ι
1005 4728 1150 4795 ²patcerir]
1168 4729 1284 4793 potuerit,
1295 4730 1386 4784 (200.
