3500 5784
688 868 869 923 ,namucum
1265 858 1305 921 51

258 1046 418 1133 seriptum
466 1052 537 1113 est:
587 1044 657 1129 Qua·
702 1046 953 1135 increpationes
998 1048 1080 1128 odit,
1126 1056 1227 1129 erat;
1273 1054 1308 1115 et
1319 1053 1396 1105 Prov-
1404 1058 1472 1106 1-17·

259 1148 399 1217 iterum:
437 1148 507 1232 Qud
540 1148 614 1218 odil
646 1149 908 1237 immitem,
941 1149 1115 1238 coaptem
1148 1159 1215 1231 cm
1249 1152 1472 1239 quiProv.xi1'.1.

260 1256 375 1319 cumea
390 1252 573 1341 acquiescit
603 1252 773 1337 urguenti,
802 1253 1026 1340 gloraflcutar.
1088 1255 1166 1321 Non
1195 1259 1306 1321 autem
1318 1265 1464 1320 Promis.

259 1375 426 1421 excessum
449 1360 484 1423 et
506 1356 762 1423 immoderamen
785 1358 998 1444 correptionis
1012 1379 1093 1425 mem
1113 1359 1307 1445 excusando,
1323 1339 1360 1383 ¹⁸·

259 1456 317 1523 ssd
332 1464 477 1525 vestram
492 1462 526 1525 et
544 1459 683 1525 aliorum
701 1458 901 1547 sapientium
917 1460 1146 1527 discretionem
1161 1449 1307 1547 judicem

260 1562 443 1643 statuendo,
468 1563 510 1628 ab
532 1585 571 1629 ea
592 1561 805 1629 diffinitivam
831 1570 1008 1651 expectans
1039 1565 1247 1644 sententiam,
1271 1567 1308 1629 in

261 1664 348 1731 hunc
385 1666 521 1733 modum
552 1665 666 1755 allego.
712 1665 893 1733 Monachus
924 1667 1058 1754 quidam
1095 1669 1309 1756 praesentavit

260 1768 343 1836 mihi
365 1770 408 1835 ed
429 1791 541 1837 curam
568 1770 748 1837 multarum
781 1769 967 1836 animarum
1000 1771 1173 1838 diaconum
1207 1793 1308 1860 quen-

262 1870 338 1937 dam
360 1892 429 1939 non
451 1876 668 1952 tonsuratum,
685 1877 719 1939 et
741 1876 857 1939 contra
873 1872 1012 1939 Ooncilii
1034 1878 1169 1956 statuta,
1192 1875 1309 1963 pannis

262 1974 370 2041 rubeis
392 1976 552 2043 vestitum
575 1981 609 2043 et
631 1976 837 2058 annulatum,
866 1975 986 2042 habitu
1008 1982 1042 2043 et
1064 1983 1160 2065 gestu
1180 1978 1308 2059 laicum,

263 2078 317 2143 vel
338 2078 448 2164 petius
470 2078 618 2157 militem,
642 2083 685 2158 et,
701 2084 741 2145 ut
763 2077 867 2145 conici
890 2079 1001 2167 potuit
1024 2100 1067 2146 ex
1088 2081 1156 2147 siris
1178 2104 1311 2170 respon·

263 2180 417 2261 sionibus,
450 2181 517 2247 fere
548 2180 749 2249 illiteratum.
796 2178 996 2248 Monachum
1026 2187 1139 2249 autem
1173 2207 1312 2272 praesen·

263 2288 392 2351 tantem
413 2283 601 2371 hujusmodi
623 2284 689 2349 fere
704 2284 822 2364 verbis,
845 2288 886 2351 ut
904 2284 1018 2363 recole,
1035 2286 1198 2373 corripui:
1224 2293 1243 2323 “
1251 2288 1312 2369 Tu,

265 2394 286 2425 ‘⁴
306 2410 381 2455 oum
413 2388 458 2454 sis
479 2387 655 2453 monachus
677 2386 834 2473 profitens
860 2386 1091 2474 perfectionem
1123 2410 1165 2455 ex
1195 2388 1313 2455 habitu

267 2496 287 2529 “
309 2496 344 2557 et
365 2493 445 2557 voto
466 2490 645 2577 religionis,
668 2512 705 2556 ae
730 2509 789 2575 per
814 2488 876 2555 hoe
907 2490 1051 2555 tenearis
1081 2491 1188 2557 vitam
1219 2497 1313 2557 tuam

220 2606 223 2613 '
266 2601 285 2631 “
307 2594 468 2661 carnalem
490 2614 651 2681 exponere
673 2591 774 2657 morti
807 2613 866 2678 pro
899 2591 1004 2657 salute
1034 2594 1314 2679 animarumque

267 2703 286 2735 “
307 2696 416 2763 fronte
437 2700 615 2783 presentes
637 2694 680 2762 ad
694 2715 806 2761 curam
824 2694 1010 2760 animamm
1024 2696 1125 2761 talem
1141 2698 1198 2781 qui
1219 2703 1314 2783 gestu

268 2806 287 2838 “
308 2805 343 2866 et
364 2799 482 2866 habitu
503 2799 672 2865 evidenter
695 2796 839 2865 ostendit
870 2817 904 2861 se
935 2797 1040 2883 magis
1072 2798 1314 2865 interfectorem

269 2903 492 2969 “animarum
529 2923 627 2988 quam
672 2904 880 2966 curatorem?
917 2900 1002 2965 sicut
1047 2901 1135 2966 enim
1172 2906 1316 2969 testatur

269 3012 288 3043 “
311 3006 426 3073 beatus
441 3004 656 3091 Augustinus,
672 3003 736 3069 Tot
758 3001 920 3068 mortibus
942 3024 1018 3067 reus
1040 3009 1091 3070 eet
1113 3011 1224 3092 pastor
1245 3006 1413 3088 ani-Appa-

270 3115 290 3146 “
311 3131 445 3189 manum,
469 3114 551 3195 quot
570 3107 640 3194 ejus
658 3106 745 3172 melo
768 3105 917 3193 exemplo
939 3104 1012 3171 viso
1034 3107 1140 3193 perire
1162 3089 1474 3221 possentzffilgessr‚

271 3220 288 3251 “
311 3218 349 3280 tu
370 3214 430 3278 das
452 3232 529 3277 oves
550 3210 636 3299 lupo,
651 3231 711 3297 pro
734 3209 853 3296 quibus
875 3208 1007 3273 tuendis
1029 3232 1050 3274 a
1071 3210 1148 3297 lupo
1171 3213 1420 3278 teneris¹m04a

270 3322 289 3353 “
312 3315 455 3381 animam
491 3318 584 3380 tuam
625 3333 751 3400 ponere.
827 3310 990 3377 Dominus
1036 3313 1171 3379 noeter⁹
1218 3315 1316 3380 Jesus
1326 3290 1483 3423 ffiffi'fi'

270 3423 290 3455 “
314 3416 463 3484 Christus
485 3416 629 3503 pretium
659 3418 768 3480 totum
806 3413 975 3500 sanguinis
1003 3416 1072 3495 sui,
1110 3417 1177 3482 imo
1209 3422 1315 3483 totam
1329 3424 1428 3488 Ores.

270 3528 289 3559 “
311 3522 416 3587 vitam
438 3542 530 3587 suam
561 3518 660 3584 morti
690 3516 904 3583 acerbissimae
925 3521 961 3582 et
982 3518 1236 3604 probrosissima
1257 3508 1352 3609 prop·
1365 3496 1422 3541 ²²⁸·

273 3630 292 3661 “
315 3624 460 3711 quelibet
494 3628 529 3689 et
562 3620 693 3709 singula
714 3620 826 3685 anima
859 3619 1020 3686 salvanda
1052 3626 1087 3686 et
1118 3621 1319 3688 vivificanda

273 3734 292 3765 “
315 3725 450 3806 dedit3⁸
473 3730 507 3792 et
529 3730 568 3791 tu
589 3727 718 3789 tantam
741 3720 989 3789 multitudinem
1022 3723 1207 3789 animarum
1234 3727 1319 3791 nite-

274 3830 361 3896 “ris
389 3829 520 3895 tradere
550 3826 679 3893 cuidam
703 3848 761 3892 suo
788 3847 891 3913 pravo
921 3827 1071 3913 exemplo
1093 3829 1254 3914 proditori
1286 3835 1320 3894 et

274 3940 292 3971 “
313 3931 539 3999 mortificatori
561 3930 691 3997 illarum
711 3929 896 3995 animarum
904 3928 925 4008 ⁴,
941 3952 1001 4016 pro
1016 3930 1173 4017 quarum⁵
1190 3932 1321 4019 singula

274 4044 292 4077 “
317 4036 465 4103 Christus
487 4034 580 4102 dedit
604 4055 672 4101 non
693 4038 821 4121 partem
850 4032 1019 4119 sanguinis
1045 4034 1104 4111 sui,
1132 4035 1188 4099 sed
1211 4039 1320 4100 totum

276 4140 508 4226 “sanguinem
530 4160 649 4218 suum3
682 4158 749 4202 non
775 4140 905 4223 partem
926 4135 1008 4202 vitae
1034 4158 1111 4216 srrae,
1135 4138 1192 4201 sed
1214 4142 1321 4203 totam

278 4252 295 4279 “
319 4248 353 4309 et
374 4244 538 4329 integram
559 4241 665 4307 vitam
688 4262 788 4305 suam.
835 4238 940 4305 Ovem
963 4260 1063 4325 quam
1086 4240 1216 4305 emisses
1238 4239 1323 4328 pro⁰

278 4354 297 4383 “
320 4346 491 4412 duodecim
514 4345 656 4413 denariis
678 4364 744 4411 non
770 4343 915 4409 traderes
945 4342 1024 4431 lupo
1050 4348 1110 4408 aut
1132 4345 1322 4432 corruptori,

314 4602 396 4653 ¹MS.
410 4603 461 4652 Ox.
472 4599 653 4667 beginsngnin.
860 4598 1035 4662 ⁴unimarum]
1050 4612 1099 4648 om.
1112 4597 1201 4649 ΟΜ).

312 4684 322 4711 ²
339 4680 430 4746 noste]
449 4696 497 4731 om.
511 4680 609 4743 C.C.C.,
622 4680 671 4731 Ox.
861 4678 871 4705 ⁸
887 4676 1002 4741 marum]
1021 4691 1078 4739 qun,
1090 4676 1187 4733 stuc„
1199 4676 1248 4726 Ox.

313 4762 322 4790 ¹
339 4760 417 4825 dedit]
437 4775 487 4810 om.
501 4758 598 4821 OOC..
611 4760 660 4811 Ox.
862 4757 872 4784 ⁶
885 4754 945 4820 pre]
965 4770 1013 4805 om.
1026 4754 1079 4805 sid.

1124 4836 1194 4898 1³2
