3500 5784
683 869 861 921 nrrsronm
1019 859 1025 868 “
1237 855 1303 930 187

251 1064 315 1130 que
336 1045 523 1131 pollentem,
545 1064 645 1132 quam
666 1045 703 1110 in
725 1045 829 1110 altero
852 1044 1080 1111 deficientem:
1104 1045 1162 1112 sed
1178 1051 1304 1133 quanto

251 1148 399 1234 operatio
427 1152 479 1215 est
511 1149 618 1234 major
650 1147 807 1226 doctrina,
831 1152 867 1213 et
898 1151 1024 1236 quanto
1055 1149 1120 1214 iter
1150 1171 1304 1236 peragere

251 1250 358 1335 majus
395 1255 447 1316 est
483 1273 584 1337 quam
620 1273 686 1337 qua
711 1251 858 1317 eundum
888 1255 939 1316 est
975 1252 1157 1338 prospicere
1169 1277 1177 1332 ;
1207 1257 1304 1318 tanto

252 1352 421 1419 vobiscum
439 1353 597 1440 majorem
618 1359 809 1441 reputamus
831 1358 866 1420 et
889 1355 1108 1442 praeeligimus
1139 1359 1304 1442 pastorem

252 1456 403 1542 operibus
426 1459 598 1522 strenuum
620 1457 692 1521 sine
714 1455 874 1522 doctrinae
897 1457 1092 1536 eruditione,
1117 1480 1216 1544 quam
1231 1480 1304 1545 pre-

251 1557 337 1624 clare
374 1551 546 1625 docentem
581 1559 705 1644 absque
743 1579 877 1645 operum
914 1560 1120 1626 strenuitate.
1166 1560 1307 1648 Insuper

252 1682 296 1726 ex
317 1661 384 1727 fine
405 1660 555 1749 rescripti
577 1660 681 1726 vestri
702 1660 906 1747 percepimus
928 1661 1017 1747 quod
1038 1665 1160 1730 nostrae
1175 1663 1305 1750 paginae

251 1762 330 1828 finis
367 1763 512 1830 habebat
549 1762 677 1850 aliquid
713 1763 866 1828 nubilum
901 1762 939 1828 in
968 1785 1033 1850 quo
1068 1765 1180 1851 potuit
1217 1765 1305 1831 credi

252 1865 377 1951 aliquid
409 1887 561 1954 asperum
604 1887 663 1932 seu
707 1865 931 1952 pungitivum.
978 1865 1045 1932 Sed
1074 1867 1158 1933 sciat
1187 1868 1306 1934 carias

253 1972 365 2034 vestra
386 1969 475 2054 quod
497 1968 539 2034 de
560 1967 729 2055 imperitia
750 1967 927 2055 eloquendi
957 1966 1056 2054 plane
1086 1970 1176 2055 quod
1197 1970 1305 2034 volui-

252 2093 337 2152 mus,
358 2071 518 2159 processit
539 2075 580 2136 ut
601 2069 823 2160 pungitivum,
848 2071 938 2157 quod
966 2092 1174 2158 nequaquam
1196 2073 1306 2138 inten-

253 2173 421 2254 debamus,
444 2174 493 2239 ibi
516 2173 663 2262 potuerit
685 2194 816 2259 quoquo
839 2173 938 2240 modo
961 2195 1124 2263 apparere.
1163 2173 1318 2242 Avertat*

253 2278 342 2344 enim
364 2301 385 2344 a
407 2278 503 2344 nobis
526 2276 691 2343 Dominus
721 2280 762 2341 ut
787 2297 984 2364 quenquam,
1008 2277 1133 2344 nedum
1161 2283 1306 2344 vestram

254 2381 463 2448 sanctitatem
500 2379 595 2446 nobis
641 2383 799 2466 perpetuo
833 2380 1043 2460 carissimam,
1088 2379 1307 2468 malignitatis

253 2482 391 2569 alicujus
421 2483 534 2550 aculeo
571 2485 809 2569 attemptemus
853 2484 1053 2570 contingere,
1078 2487 1112 2550 et
1144 2483 1307 2550 credimus

253 2586 394 2652 firmiter
415 2585 506 2672 quod
527 2585 599 2652 haec
628 2588 742 2650 vestra
763 2583 885 2649 caritas
918 2583 959 2650 de
991 2585 1087 2651 nobis
1110 2607 1179 2652 non
1201 2587 1305 2674 suspi-

254 2693 355 2755 catur.
403 2687 472 2754 Sed
508 2685 546 2752 in
582 2685 800 2772 generalitate
837 2686 1024 2766 verborum,
1063 2709 1137 2773 quse
1167 2687 1204 2754 in
1240 2688 1306 2754 fine

253 2795 376 2858 nostrae
412 2789 542 2878 paginae
579 2787 756 2877 posuimus,
779 2787 1042 2870 intendebamus,
1075 2789 1163 2876 quod
1194 2793 1306 2857 tamen

254 2893 363 2960 minus
397 2892 625 2979 expressimus,
648 2889 743 2977 quasi
774 2889 964 2956 medicinali
994 2891 1079 2958 ferro
1101 2891 1231 2959 sanioso
1252 2898 1305 2959 tu-

254 2995 333 3062 bera
352 2995 470 3084 cupide
492 2994 712 3084 aspirantium
738 2993 782 3060 ad
813 2994 948 3080 majora,
973 2994 1148 3062 salubriter
1170 2997 1305 3083 aperire,

254 3103 290 3166 et
310 3099 435 3166 saniem
458 3097 650 3186 exprimere,
680 3101 716 3162 et
747 3095 964 3182 emplastrum
986 3095 1176 3164 sanativum
1206 3120 1306 3187 appo·

254 3223 338 3268 nere.
399 3201 551 3268 Vestram
587 3203 701 3266 autem
745 3198 968 3280 sanctitatem,
1007 3221 1107 3286 quam
1145 3201 1307 3268 veraciter

254 3303 415 3371 credimus
437 3309 472 3370 et
494 3325 662 3390 speramus
691 3301 729 3368 in
760 3300 907 3367 Domino
929 3301 953 3368 J
955 3324 1012 3368 esu
1043 3301 1175 3370 Christo
1205 3303 1308 3371 since-

255 3407 424 3484 rissimam,
447 3405 700 3473 intendebamus
721 3425 790 3470 non
812 3405 919 3470 solum
951 3425 1009 3492 per
1030 3406 1162 3493 paginae
1184 3411 1307 3474 nostrae

256 3509 465 3585 totalitatem,
497 3508 554 3574 sed
587 3529 647 3595 per
680 3507 827 3594 singulas
849 3507 921 3594 ejus
947 3507 1134 3594 particulas,
1159 3509 1308 3596 quinimo

257 3617 291 3679 et
311 3634 371 3700 per
393 3609 539 3698 singulas
573 3609 644 3696 ejus
667 3609 828 3676 dictiones
850 3613 886 3676 et
909 3609 1052 3696 syllabas
1075 3615 1110 3676 et
1131 3611 1246 3678 literas
1268 3635 1306 3678 eo

257 3715 353 3780 modo
384 3713 555 3780 stimulare
587 3713 623 3778 in
655 3735 768 3800 pugna
800 3718 835 3778 et
857 3733 956 3778 cursu
978 3712 1136 3779 ferventis
1170 3713 1234 3780 aeli
1267 3715 1308 3780 de

256 3818 373 3884 idoneo
394 3820 524 3905 pastore
546 3815 755 3904 praeficiendo
777 3815 815 3880 in
845 3815 982 3881 ecelesia
1004 3814 1193 3896 Wintcnise,
1226 3839 1306 3905 quo·

257 3921 354 3987 modo
375 3923 575 4007 spectatores
589 3918 732 3984 viriliter
753 3917 977 4005 pugnantium
993 3917 1124 3984 eosdem
1146 3919 1307 4008 applausu

256 4021 431 4090 stimulant
462 4025 498 4088 et
526 4022 674 4088 excitant
705 4021 749 4086 ad
771 4019 916 4086 ¹acrioris
953 4041 1074 4108 pugnae
1111 4021 1307 4089 indefessam

256 4126 547 4210 continuationem,
569 4128 605 4190 et
626 4144 785 4211 equorum
806 4143 1038 4210 generosorum
1068 4143 1205 4190 sessores
1238 4147 1306 4192 eos-

257 4231 331 4296 dem
354 4251 462 4316 equos,
494 4231 567 4294 toto
600 4227 719 4293 annisu
753 4231 873 4313 sponte
896 4231 1072 4308 currentes,
1093 4227 1307 4294 nihilominus

256 4332 435 4399 calcaribus
471 4334 593 4418 urgent
629 4329 673 4395 ad
710 4349 823 4394 cursus
867 4329 1030 4415 integram
1067 4329 1306 4415 perfectionem.

257 4436 322 4501 His
344 4434 487 4502 stimulis
508 4431 687 4498 multifarie
701 4431 938 4519 multiplicatis,
961 4437 1113 4519 optamus
1130 4437 1202 4499 toto
1224 4433 1310 4500 desi·

256 4538 348 4604 derio
370 4559 430 4602 vos
451 4536 678 4602 indesinenter
691 4534 858 4601 stimulari
880 4534 918 4599 in
939 4532 1110 4600 indefessis
1132 4557 1243 4624 pugna
1273 4543 1308 4605 et

256 4661 353 4708 cursu
389 4639 541 4727 praedicti
569 4638 656 4718 aeli;
690 4637 801 4716 donec,
824 4641 936 4703 vestro
968 4641 1162 4724 cooperante
1192 4639 1306 4706 minis-

255 4744 348 4826 terio,
370 4741 553 4831 providerit
575 4741 739 4808 Dominus
773 4739 916 4808 ecclcsiae
938 4761 1007 4808 suas
1029 4739 1071 4807 de
1093 4741 1154 4808 tali
1175 4749 1307 4832 pastore
