3500 5784
720 888 900 940 helenam
1296 878 1337 943 31

286 1067 326 1127 ut
360 1084 459 1152 supra
492 1063 575 1128 mihi
606 1063 782 1131 tribuendo
815 1064 1055 1156 auctoritatem,
1089 1065 1256 1131 hostiliter
1287 1088 1340 1131 me

286 1166 452 1233 derisistis
507 1166 544 1232 Si
582 1186 661 1233 vero
698 1190 751 1233 me
789 1166 842 1233 vel
880 1188 1019 1255 paucam
1056 1168 1189 1235 eraditis
1221 1169 1341 1235 habere

285 1268 430 1336 scientiae
461 1269 654 1351 claritatem,
692 1274 810 1357 putare
847 1270 1031 1337 debuistis¹
1071 1271 1160 1357 quod
1197 1272 1341 1338 valerem

287 1372 527 1457 deprehendere
562 1394 661 1457 quam
693 1370 794 1439 fuerit
824 1372 891 1439 ista
920 1373 1040 1460 petitio
1077 1374 1245 1460 proposita
1281 1380 1341 1441 aut

286 1474 440 1541 derisorie
463 1480 522 1541 ant
543 1474 774 1541 inartificiose:
798 1476 958 1542 vitiosum
980 1496 1124 1561 namque
1146 1482 1181 1542 et
1202 1476 1341 1543 inartifi-

285 1576 411 1643 ciosum
428 1582 480 1643 est
502 1578 675 1643 exordium
698 1600 718 1643 a
740 1600 805 1664 quo
827 1583 937 1665 potest
951 1579 1157 1645 adversarius
1178 1580 1340 1667 incipere;

286 1680 332 1746 sic
369 1684 403 1747 ct
440 1680 563 1746 vitiosa
599 1679 754 1767 allegatio
789 1700 889 1767 quam
926 1685 1037 1768 potest
1067 1682 1275 1748 adversarius
1305 1684 1341 1749 in

285 1782 482 1870 allegantem
505 1786 701 1870 retorquere.
749 1782 911 1848 Similiter
932 1788 966 1849 et
987 1784 1058 1850 brec
1079 1784 1199 1871 petitio
1220 1786 1342 1851 vitiosa

285 1892 345 1963 est,
368 1906 443 1951 cum
474 1890 510 1952 et
543 1906 604 1973 ego
638 1906 766 1972 possem
789 1886 1006 1951 consimiliter
1035 1908 1096 1954 vos
1125 1908 1239 1974 rogare
1260 1910 1341 1975 qua·

285 1994 383 2055 tanus
406 2010 466 2075 pro
488 1988 561 2055 Deo
591 1993 626 2054 et
648 1988 818 2076 religionis
840 1994 961 2055 vestre
982 2010 1021 2055 ac
1042 1990 1215 2076 utriusque
1237 1992 1339 2077 pertis

284 2092 534 2179 tranquillitate,
558 2092 752 2178 pradictum
774 2092 951 2171 redditum,
975 2092 1012 2157 in
1042 2114 1107 2178 quo
1129 2093 1258 2158 nullum
1284 2094 1340 2179 jus

284 2194 422 2277 hebetis,
457 2195 498 2261 de
532 2200 650 2283 caetero
684 2193 912 2261 desisteretis⁸
934 2194 1073 2282 exigere.
1120 2194 1203 2261 Haec
1232 2198 1340 2262 multo
1376 2246 1381 2253 ,

285 2298 444 2386 prolixius
467 2320 566 2384 quam
589 2298 707 2365 vellem
731 2303 810 2364 sunt
833 2298 982 2379 dietata3
1014 2298 1073 2363 sed
1104 2320 1208 2385 parva
1228 2304 1340 2391 vestra

286 2402 422 2488 pagella,
458 2402 501 2467 ad
531 2422 630 2488 quam
660 2399 855 2488 respondere
879 2400 1034 2487 oportuit,
1057 2400 1164 2466 multo
1186 2401 1339 2489 prolixio-

285 2503 377 2569 ribus
408 2502 474 2569 fuis
503 2501 671 2590 gravida³.
718 2503 802 2569 Haec
837 2502 997 2589 rescripsi,
1034 2503 1131 2568 novit
1164 2503 1337 2582 Dominus,

285 2628 352 2672 non
389 2612 429 2673 ut
465 2628 525 2672 vos
561 2606 824 2685 verecundarem,
864 2605 922 2671 sed
958 2610 999 2671 nt
1035 2604 1152 2670 velut⁴
1189 2604 1507 2671 dominos1cor.iv.is.

286 2710 466 2777 carissimos
488 2710 614 2775 sincero
637 2708 758 2775 affectu
780 2728 1026 2784 commonerem,
1050 2730 1093 2773 ne
1123 2706 1223 2773 nimis
1245 2714 1339 2774 tena-

285 2814 366 2879 citer
387 2812 506 2880 talium
529 2810 724 2879 adhaereatis
738 2810 873 2877 consilio
889 2811 1002 2896 quales
1016 2814 1161 2875 vestram
1182 2810 1339 2896 paginam

286 2916 554 3003 conscripserunt,
579 2917 636 3001 qni
658 2919 799 2980 vectam
822 2912 998 2979 sentiscat
1019 2917 1049 2978 et
1071 2916 1204 2977 metent
1230 2912 1339 2978 turbt·
1351 2928 1413 2980 1101.
1422 2928 1475 2983 viii
1484 2933 1505 2982 7.

171 3078 175 3085 .
284 3040 386 3099 serm
410 3018 476 3105 qui,
493 3018 578 3083 sicut
594 3016 676 3083 dicit
697 3016 815 3082 beatus
838 3014 1032 3092 Bernardus,
1051 3020 1145 3079 “non
1166 3019 1236 3080 tam
1251 3015 1338 3103 leges

286 3127 305 3157 “
328 3142 427 3207 quam
464 3120 540 3186 lites
568 3123 756 3207 proponunt
785 3122 819 3183 et
849 3117 1084 3198 cavillationes,
1108 3116 1338 3184 subvertentes

286 3230 305 3259 “
323 3220 513 3308 judicium.”
559 3222 648 3303 Quid
664 3221 784 3286 mirum
807 3220 837 3287 si
859 3220 1001 3285 consulit
1023 3226 1064 3287 ut
1085 3240 1175 3286 arem
1191 3222 1249 3306 qui
1270 3242 1338 3287 non

284 3326 385 3391 habet
406 3326 495 3391 unde
516 3326 612 3390 vivat
645 3324 711 3389 nisi
745 3324 786 3389 de
820 3322 967 3388 mercede
989 3322 1172 3388 arationis?
1216 3323 1339 3389 Antei

285 3429 385 3494 habet
422 3428 510 3493 unde
547 3428 650 3506 vivat,
685 3430 798 3492 tamen
829 3424 1013 3512 cupiditate
1050 3423 1151 3510 hujus
1183 3426 1339 3491 mercedis

284 3530 517 3597 insatiabiliter
540 3532 667 3597 aestuat.
714 3529 909 3616 Ingeniosus
932 3528 995 3595 erit
1024 3527 1101 3595 talis
1132 3528 1176 3593 ad
1206 3550 1337 3614 persua·

285 3633 429 3699 dandum
466 3630 554 3718 quod
592 3632 693 3698 etiam
729 3630 828 3696 littus
873 3650 1048 3696 arenosum
1085 3630 1131 3695 sit
1167 3631 1336 3697 arandum.

284 3736 456 3823 Recogitet
489 3754 618 3822 quoque
651 3732 859 3819 professionis
890 3738 1011 3799 vestrae
1044 3732 1210 3811 sanctitas,
1250 3733 1338 3820 qnod

284 3860 393 3905 servos
427 3837 493 3903 Dei
524 3858 598 3902 rica
619 3842 745 3922 oporiet
780 3834 929 3921 litigare,
952 3828 1010 3903 sed
1042 3842 1237 3902 maturatos
1270 3858 1337 3903 esse

285 3941 332 4007 cd
354 3962 476 4019 omncs,
500 3940 586 4005 sicut
619 3938 701 4004 dicit
731 3936 913 4024 Apostolus
944 3938 987 4003 ad
1020 3938 1239 4005 Timotheum.
1290 3939 1482 4006 Eiones.

284 4044 366 4109 item
400 4042 442 4107 od
476 4040 665 4109 Corinthios
698 4040 764 4106 ait:
811 4040 899 4107 «lara
929 4038 1070 4127 quidem
1103 4040 1247 4107 omnino
1281 4023 1426 4151 de‘ihor
1446 4099 1473 4152 vi

286 4146 407 4212 lictum
429 4151 475 4211 cst
495 4145 540 4211 ia
561 4140 655 4209 uobis
677 4140 768 4230 qaod
785 4141 927 4228 judicto
946 4141 1073 4209 hahetis
1094 4143 1142 4209 ad
1162 4142 1312 4209 invicem
1320 4171 1334 4225 ,·
1350 4168 1373 4226 7,
1385 4172 1408 4217 s,
1427 4139 1433 4151 ’
1474 4138 1479 4150 ’

287 4270 391 4337 quare
424 4268 498 4314 rica
529 4246 642 4333 strapis
673 4244 850 4333 irzjrcriom
886 4244 1075 4333 accipitis?
1120 4246 1232 4330 erorc
1264 4268 1337 4315 rima

1211 4512 1284 4519 ›n-

320 4705 326 4733 ¹
345 4700 473 4766 debuistis]
492 4699 647 4761 debuissetis,
661 4698 712 4750 Sid.
870 4698 881 4727 ⁸
896 4697 1016 4765 provida]
1034 4699 1172 4765 gravidata,
1184 4702 1237 4755 sid.

318 4785 329 4813 ²
344 4780 501 4847 desisteretis]
519 4777 649 4839 desistetis,
661 4778 712 4833 siu.
870 4778 879 4809 ⁴
897 4776 973 4845 celat]
991 4794 1041 4831 om.
1052 4779 1105 4834 sid.
