3500 5784
673 867 852 917 nemronn
1222 847 1287 920 197

243 1041 362 1105 scendo
397 1038 557 1118 roborata,
595 1043 630 1105 et
665 1037 740 1105 ideo
776 1037 818 1104 ad
856 1035 1115 1125 supportandum
1158 1033 1288 1102 aedifieii
1299 1047 1408 1096 ausin

242 1139 399 1227 spiritalis
432 1140 578 1226 ejusdem
618 1142 759 1207 ecclesiae
796 1161 896 1206 onera
934 1161 1002 1206 nou
1035 1138 1199 1203 modicum
1237 1112 1376 1232 tthe
1349 1113 1446 1164 Roman

241 1247 327 1330 apta.
373 1242 481 1309 Onera
501 1248 612 1309 autem
634 1244 705 1310 haec
726 1248 806 1308 sunt
827 1243 961 1329 negotia
979 1240 1023 1306 ad
1045 1240 1201 1306 honorem
1223 1195 1329 1306 Βιίω

241 1351 277 1411 et
307 1345 446 1412 salutem
476 1346 660 1411 animarum
681 1340 765 1410 mihi
786 1345 864 1410 lioet
885 1343 1021 1430 indigno
1043 1342 1288 1408 commissarum

242 1448 279 1512 in
314 1449 405 1514 curia
440 1447 664 1535 expedienda3
700 1447 840 1535 ideoque
875 1447 969 1512 velut
1002 1446 1120 1512 sortem
1153 1465 1289 1510 onerum

243 1551 495 1637 supportitorem
515 1551 553 1615 in
574 1551 671 1615 dietis
692 1549 833 1636 negotiis
864 1548 1084 1636 expediendis,
1117 1547 1288 1635 specialem

243 1675 302 1718 voe
323 1652 406 1739 elegi
428 1651 661 1718 consolatorem
683 1658 718 1717 et
739 1651 945 1738 adjutorem3
982 1650 1024 1715 ad
1046 1651 1145 1737 pedes
1167 1654 1288 1715 vestrae

244 1755 426 1821 sanctitatis
447 1753 619 1820 humiliter
639 1759 822 1841 prostratus
843 1753 1037 1840 supplicans,
1054 1752 1210 1838 quatinus
1232 1774 1289 1838 per

244 1858 294 1924 Sa
314 1861 556 1944 procuratorem
582 1877 693 1921 meum
714 1860 835 1921 vestrae
863 1854 1060 1941 paternitati
1086 1853 1287 1940 exponenda,
1299 1817 1388 1924 ⁸Sde

243 1961 279 2024 in
297 1957 454 2024 honorem
476 1958 541 2024 Dei
563 1961 598 2024 et
619 1958 759 2022 amntem
781 1956 967 2022 animarum
989 1957 1168 2036 tendentia,
1191 1939 1388 2022 solitoAnien

243 2061 459 2148 benignitatis
479 2059 592 2124 favore
623 2059 735 2125 velitis
756 2058 908 2146 prosequi
931 2064 965 2123 et
987 2078 1198 2144 promovere;
1237 2057 1289 2122 his

243 2170 353 2230 autem
385 2161 603 2240 adversantia
633 2161 703 2226 sive
739 2183 761 2226 a
796 2161 885 2226 dicto
918 2164 1136 2246 procuratore,
1169 2160 1238 2224 sive
1268 2181 1289 2224 a

244 2287 436 2352 quocunque
457 2265 522 2331 alio
543 2264 719 2352 proposita,
735 2262 897 2329 studeatis
911 2261 1040 2329 intuitu
1061 2261 1208 2327 cantatis
1230 2283 1288 2328 ex-

244 2367 378 2434 cludere.
424 2366 543 2434 Valeat
564 2371 678 2432 sancta
698 2366 882 2454 paternitas
903 2370 1013 2431 vestra
1034 2365 1071 2431 in
1093 2364 1243 2431 Domino.

705 2744 828 2811 LXIX.

245 2924 469 2994 Dilectissimo
513 2923 582 2991 sibi
621 2923 665 2990 io
703 2923 836 2992 Christo
869 2923 992 2992 Fratri
1032 2923 1193 3011 derulfo,
1233 2923 1291 2991 do-
1338 2937 1422 2987 rasa?

332 3027 428 3094 misti
456 3027 562 3113 Pspoe
587 3025 856 3112 poeaitsatiario,
887 3027 1052 3094 Βοιιιιιιι
1074 3025 1292 3094 miseratione

333 3129 459 3197 divisio
491 3127 748 3196 Liscotor'sasis
782 3129 922 3196 mosao
955 3127 1116 3196 minister
1145 3128 1291 3196 homilis
1360 3155 1365 3162 ·

333 3232 477 3298 ιιιιιιιιιι
498 3238 529 3297 ct
551 3231 692 3298 amara
714 3230 870 3298 scribtis
893 3231 1056 3320 affectum.

288 3381 399 3466 Aqooe
420 3379 538 3445 mirttae
558 3400 631 3445 stoa
648 3385 814 3466 poterant
836 3379 1035 3466 extinguere
1060 3378 1239 3446 canaam
1261 3386 1454 3446 stenima

237 3480 398 3569 flamina
417 3503 491 3547 noa
512 3479 652 3547 obstem
674 3502 756 3548 ocos
801 3481 836 3547 N
837 3504 881 3548 on
903 3483 990 3547 enim
1012 3481 1197 3548 obfuscabit
1217 3503 1289 3548 eam
1301 3483 1345 3535 110
1328 3485 1438 3550 operor

245 3584 336 3650 fluxa
349 3582 510 3670 voluptas,
526 3587 587 3649 aut
609 3585 772 3671 opprimet
786 3588 947 3650 terrorum
962 3585 1197 3671 impetuositas,
1220 3552 1353 3670 nonffss„
1351 3567 1411 3669 {2¹¹

246 3685 391 3751 abolebit
405 3707 478 3750 eam
500 3684 586 3750 edax
607 3685 742 3752 fluentis
763 3687 920 3775 temporis
942 3708 984 3751 ve
984 3691 1099 3766 t,ustas
1116 3687 1185 3753 eive
1199 3685 1288 3753 laba·
1299 3684 1445 3752 madsffip.

246 3793 302 3854 tur
314 3788 421 3853 fluens
442 3791 572 3873 tempus
594 3787 772 3854 suaviter
761 3810 798 3852 m
820 3788 989 3875 prosperis,
1005 3789 1075 3854 sive
1091 3793 1201 3856 currat
1215 3811 1290 3856 cum

247 3893 371 3978 impetu
391 3889 428 3954 in
449 3889 612 3955 adversis:
636 3891 693 3956 sed
715 3889 820 3976 magis
842 3891 884 3956 de
906 3891 957 3957 his
979 3891 1130 3957 omnibus
1152 3893 1291 3979 proficit,

247 3999 282 4059 et
303 3991 501 4058 occasionem
522 3993 677 4057 crementi
697 3993 856 4078 usquead
878 3991 1058 4080 perfectum
1072 3995 1194 4076 sumit;
1216 3995 1291 4061 ideo

248 4116 378 4182 quoquo
399 4093 497 4159 modo
519 4098 690 4160 mutentur
704 4093 886 4174 mutabilia,
902 4116 1194 4183 quorsumcumque
1216 4118 1289 4164 ver-

246 4202 362 4264 tentur
391 4195 567 4277 vertibilis,
598 4201 710 4263 vestra
739 4197 864 4263 sincera
894 4197 1014 4263 caritas
1044 4220 1121 4286 erga
1143 4220 1203 4264 nos
1220 4200 1291 4286 jam

248 4299 305 4366 diu
340 4299 444 4385 gratis
481 4305 637 4386 concepta
668 4321 737 4365 non
768 4304 901 4366 tantum
938 4301 1086 4369 manebit
1122 4301 1197 4382 fixa,
1235 4303 1292 4368 sed

247 4401 285 4466 in
316 4422 376 4466 sua
404 4401 528 4467 fixione
556 4400 686 4468 stabilis
718 4402 926 4469 roborabitur
956 4408 1176 4490 augmentata,
1200 4404 1293 4491 cujus

248 4504 361 4582 ealore,
385 4503 465 4589 quia
484 4503 571 4590 ignis
592 4505 706 4570 vitalis
728 4510 788 4586 est,
810 4527 979 4592 speramus
1002 4510 1036 4572 et
1057 4528 1210 4592 rogamus
1231 4529 1291 4574 nos

250 4605 422 4686 confoveri,
455 4603 589 4693 ejusque
621 4606 693 4672 luce
725 4606 890 4694 profundi,
914 4607 1006 4694 cujus
1036 4611 1191 4689 attractu,
1215 4608 1293 4696 quia
