3500 5784
522 797 586 870 806
839 814 986 868 sonanrr
1010 813 1237 868 cucumere

1011 1129 1067 1198 CI.

394 1307 474 1358 1²⁴2?
519 1298 804 1366 Esoullcntiseimo
848 1300 1001 1368 Domino
1045 1323 1108 1368 saw
1144 1299 1303 1378 Heorico,
1336 1299 1404 1366 Dei
1447 1296 1570 1385 pretio

605 1401 737 1468 illtmtri
763 1401 850 1488 Rept
884 1402 1033 1488 Ambio,
1063 1402 1215 1469 Domino
1248 1399 1436 1480 litterario,
1474 1397 1568 1466 Daci

605 1503 841 1584 Hammonios,
875 1503 1087 1593 Aquitania,
1121 1511 1152 1571 st
1187 1502 1313 1572 cenot
1345 1502 1566 1587 Aadeyooioe,

477 1647 481 1656 ·
605 1605 739 1672 devotus
760 1627 844 1672 eous
865 1607 1036 1689 liebertus,
1069 1606 1286 1674 mierrottom
1318 1605 1445 1672 diuina
1478 1603 1566 1670 aa·

604 1707 786 1776 mamae
815 1710 954 1776 emissio
987 1707 1148 1776 numer
1176 1708 1333 1789 tuendis,
1355 1707 1506 1774 mmm
1535 1713 1564 1770 et

605 1831 710 1898 qaam
731 1811 878 1878 debitam
907 1819 980 1880 tom
1012 1811 1165 1879 dovotum
1190 1831 1269 1878 cam
1299 1809 1435 1878 macco
1465 1809 1564 1884 dilcc-

604 1912 697 1982 ticos
718 1913 947 1982 moeremium.

349 2093 390 2173 He
403 2094 504 2148 mimos
560 2091 665 2180 Super
708 2115 747 2160 eo
790 2095 879 2180 quod
923 2098 1046 2160 statum
1088 2098 1207 2160 vestrm
1250 2090 1485 2158 dominationis
1527 2096 1560 2155 et

348 2160 466 2280 ffie
515 2193 656 2261 domium
677 2195 799 2282 reginae
821 2195 984 2283 prolisque
1005 2201 1133 2274 vem,
1156 2215 1254 2281 quem
1274 2215 1464 2280 prosperum
1486 2193 1560 2257 sibi-

347 2292 489 2423 {3⁸2⁰ss
515 2317 577 2382 que
607 2302 774 2384 acceptum
806 2304 975 2365 conservet
1006 2299 1042 2364 in
1073 2303 1232 2364 aeternum
1266 2296 1439 2374 Dominus,
1465 2295 1558 2360 nobis

349 2379 474 2496 theiis?
514 2399 703 2484 significare,
740 2405 775 2466 et
819 2401 860 2466 de
897 2408 1009 2466 nostro
1046 2399 1170 2466 solicite
1206 2399 1369 2484 requirere
1402 2397 1557 2476 voluistis,

513 2501 693 2587 gratiarum
714 2502 857 2568 actiones
888 2503 1057 2568 referimus
1090 2524 1189 2588 quam
1222 2523 1394 2590 possumus
1425 2500 1557 2566 devotas

514 2609 549 2669 et
580 2604 781 2672 affectuosos.
843 2605 901 2670 Ad
933 2605 969 2670 id
1001 2627 1078 2672 vero
1111 2605 1199 2692 quod
1242 2605 1340 2670 uobis
1379 2602 1555 2689 scripsistis,

515 2707 603 2792 quod
636 2706 665 2772 si
698 2707 738 2773 de
773 2712 863 2774 statu
897 2713 1006 2774 vestro
1038 2729 1111 2774 eam
1143 2729 1243 2793 quarn
1278 2729 1339 2772 vos
1371 2706 1412 2771 de
1449 2711 1554 2770 nostro

511 2809 624 2896 geritis
646 2809 887 2876 solicitudinem
908 2831 1098 2896 gereremus,
1121 2831 1190 2875 non
1211 2809 1340 2876 crsdsrc
1362 2829 1430 2872 non
1444 2806 1554 2872 voletis

512 2911 593 2997 quin
614 2933 672 2998 per·
701 2934 872 2999 pomonam
906 2917 1052 2978 nostram
1085 2912 1249 2998 propriam
1280 2916 1341 2977 aut
1370 2931 1429 2996 per
1461 2910 1554 2974 inter·

1689 2868 1691 3027 l

513 3014 700 3078 venientem
722 3018 829 3080 status
854 3015 956 3080 vestri
989 3014 1219 3080 certitudinem
1242 3013 1401 3078 vellemus
1434 3011 1554 3099 plenius
1689 3035 1690 3090 ι

346 3120 491 3198 *Ap-mue
513 3115 679 3202 explorare
687 3140 696 3196 3
705 3117 934 3203 respondemus
948 3117 1126 3184 secundum
1140 3114 1395 3203 philosophum·
1403 3114 1492 3200 quod
1505 3113 1554 3180 lex

346 3187 583 3319 ffifflyeri
612 3219 739 3299 amoris,
762 3220 820 3304 qui
842 3241 893 3284 res
915 3223 966 3286 est
995 3219 1093 3306 plena
1123 3217 1339 3284 solicitudinis
1370 3222 1405 3283 et
1426 3216 1553 3282 solicita

346 3325 378 3368 ³⁴
390 3335 456 3388 ”oo
513 3320 746 3406 explorationis
768 3321 796 3386 si
822 3327 940 3388 cuncta
960 3320 1049 3408 apud
1071 3325 1217 3386 ornatum
1238 3319 1309 3386 sint
1321 3341 1484 3406 prospera,
1499 3319 1553 3384 hoc

512 3419 614 3488 habet
636 3423 672 3486 in
701 3445 747 3504 ee,
772 3425 859 3510 quod
884 3428 1013 3490 amator
1034 3443 1132 3488 verus
1153 3422 1196 3488 ad
1226 3427 1373 3488 amatum
1399 3419 1553 3508 prosperis

510 3522 715 3590 fortunatum
738 3546 805 3592 non
827 3525 867 3591 de
890 3525 978 3592 facili
999 3526 1064 3590 uisi
1078 3531 1214 3592 vocatus
1228 3523 1374 3604 accedit3
1397 3523 1426 3588 si
1447 3527 1551 3588 autom

510 3625 624 3692 audiet
646 3649 720 3694 eum
753 3649 850 3714 quem
884 3627 993 3712 diligit
1024 3627 1277 3693 adversitatibus
1306 3629 1478 3702 arctatum,
1500 3624 1552 3690 ad·

510 3728 603 3792 venit
639 3733 787 3815 prompte
824 3749 892 3794 non
914 3733 1057 3805 vocatus
1096 3733 1136 3792 ut
1173 3725 1328 3794 dilectum
1365 3728 1550 3808 consoletur,

504 3827 603 3914 juvet
624 3851 752 3916 quoque
774 3835 809 3896 et
830 3830 957 3896 laboret
988 3851 1048 3916 pro
1071 3829 1205 3906 viribus,
1227 3849 1287 3896 ma
1308 3835 1399 3896 etse
1433 3831 1550 3919 impen-

510 3930 589 3995 dens
603 3953 661 4017 pro
676 3929 806 3997 dilecti¹
823 3932 1039 4014 relevatione;
1060 3937 1095 3998 et
1116 3935 1250 4019 propter
1271 3933 1332 3997 hoc
1346 3933 1382 3996 in
1396 3936 1551 4021 prosperis

508 4054 577 4098 nou
610 4033 812 4120 cognoscitur
848 4036 994 4118 emicus;
1025 4035 1102 4120 quia
1133 4035 1350 4123 prosperitati,
1385 4057 1460 4120 quae
1489 4061 1551 4104 non

509 4133 642 4200 videtur
686 4142 836 4223 expetere
881 4137 946 4200 nisi
989 4136 1190 4222 applausum,
1235 4137 1310 4224 plus
1365 4136 1550 4226 plerumque

510 4236 714 4323 applaudunt
735 4237 935 4304 blanditorse
959 4259 1057 4324 quam
1079 4239 1149 4304 veri
1169 4244 1339 4306 amatores
1362 4241 1551 4310 Adversitas

509 4359 586 4403 vero
608 4339 668 4404 hoc
689 4339 789 4405 habet
823 4339 863 4404 de
896 4341 1066 4428 praecipuis
1087 4341 1183 4405 bonis
1216 4363 1330 4422 unum,
1353 4341 1440 4428 quod
1472 4368 1551 4432 pm·

510 4438 598 4505 dicto
633 4441 724 4528 signo
757 4441 956 4508 blanditores
987 4443 1142 4509 discernit
1171 4443 1215 4510 ab
1248 4445 1455 4512 amatoribus
1499 4445 1550 4512 Ad

870 4708 879 4740 ²
895 4705 989 4778 aas]
1006 4709 1081 4774 rue,
1092 4710 1192 4764 eron
