3500 5784
707 875 885 931 mmm
1254 857 1319 926 239

272 1050 457 1138 corrigeret
500 1049 616 1117 Potest
648 1047 749 1116 etiem
780 1049 924 1115 accidere
945 1045 1033 1134 quod
1054 1045 1173 1133 aliquis
1194 1045 1236 1110 de
1258 1044 1321 1112 ole-

272 1150 369 1218 ricis¹
390 1153 646 1240 prenominatis,
662 1174 721 1240 per
742 1151 996 1220 defamationem
1019 1171 1116 1237 super
1136 1147 1320 1226 homicidio,

273 1255 328 1321 vel
348 1254 447 1334 furto,
463 1255 517 1322 vel
530 1255 718 1344 hujusmodi
740 1256 885 1336 crimine,
901 1275 960 1342 per
978 1253 1103 1342 regiam
1125 1255 1323 1339 potestatem

273 1362 387 1445 captus
408 1358 562 1425 tradatur
583 1357 736 1425 carcerali
765 1357 933 1439 custodiae,
956 1377 1025 1422 non
1046 1354 1237 1422 liberandus
1258 1352 1323 1418 nisi

273 1481 333 1548 per
365 1461 560 1549 episcopum,
595 1462 650 1528 cui
681 1460 834 1527 tradetur
864 1460 901 1525 in
931 1458 1003 1526 foro
1036 1456 1253 1524 ecclesiastico
1275 1476 1324 1522 se-

272 1562 418 1630 cundum
439 1561 528 1652 leges
549 1561 782 1630 ecclesiasticas
803 1560 980 1628 abeodem
997 1559 1217 1646 judicandus3
1239 1579 1324 1624 nun-

274 1666 356 1752 quid
377 1687 446 1734 non
466 1666 635 1755 episcopm
656 1685 788 1733 causam
820 1663 899 1734 talis
929 1663 1159 1744 descindet,si
1192 1661 1237 1729 eit
1267 1661 1325 1748 qui

273 1767 375 1836 talem
396 1773 548 1851 accuset3
582 1774 643 1836 aut
676 1789 744 1835 non
773 1767 939 1834 existente
971 1772 1167 1848 accusatore,
1190 1770 1326 1854 propter

273 1869 372 1936 famae
408 1871 651 1938 vehementiam
696 1872 803 1938 eidem
847 1871 1078 1959 purgationem
1118 1867 1252 1948 indicet,
1291 1872 1326 1934 et

269 1971 476 2059 judicialiter
508 1974 739 2042 condemnabit
775 1972 917 2040 eundem
951 1980 1013 2041 aut
1041 1972 1189 2039 absolvet
1198 1975 1214 2036 2
1259 1970 1325 2038 Sed

275 2077 455 2142 secundum
487 2078 755 2165 consequentiam
784 2076 900 2144 formae
922 2077 1097 2143 verborum
1127 2073 1326 2142 intentionis

274 2183 402 2259 vestrae,
435 2201 503 2246 non
535 2184 646 2267 potest
678 2180 847 2268 episcopus
880 2183 990 2246 vester
1018 2179 1080 2244 hoc
1112 2177 1227 2259 fecere,
1250 2197 1325 2243 cum
1354 2171 1358 2176 ’

274 2281 455 2347 secundum
489 2283 579 2369 quod
609 2303 669 2350 voe
699 2282 854 2361 emeritis,
890 2281 999 2348 nullos
1033 2301 1182 2348 excessm
1212 2299 1325 2348 comm

274 2406 356 2472 quoe
377 2385 488 2451 dicitis
509 2390 629 2454 vestrae
658 2384 883 2472 jrniedictioni
916 2383 1055 2466 subesse,
1079 2383 1183 2471 possit
1205 2381 1327 2470 episco-

274 2509 337 2576 pus
358 2493 469 2555 vester
497 2488 666 2576 puniendo
695 2487 856 2575 corrigere
889 2509 947 2554 seu
978 2485 1169 2574 corrigendo
1200 2482 1326 2572 punire,

275 2589 330 2656 vel
352 2591 530 2658 eorundem
551 2611 666 2657 canem
691 2591 820 2677 aliquas
848 2583 1045 2673 descindere,
1069 2589 1135 2654 nisi
1156 2587 1326 2674 contingat

275 2713 465 2758 excessuum
496 2694 737 2774 correctionem,
759 2693 815 2760 vel
845 2713 1018 2758 causarum
1051 2690 1246 2757 decisionem
1268 2711 1327 2776 per

278 2795 536 2883 appellationem
569 2798 631 2862 eut
664 2795 899 2884 negligentiam
930 2793 1046 2861 decani
1075 2793 1248 2880 adipsum
1271 2791 1327 2857 de·
1467 2823 1469 2827 ·
1568 2798 1570 2806 ·

275 2897 374 2964 volvi.
421 2897 464 2964 In
486 2897 540 2964 his
561 2902 674 2964 autem
696 2897 825 2964 casibus
846 2918 953 2984 neque
976 2897 1091 2963 decani
1123 2893 1327 2984 negligentia

274 3019 381 3087 neque
403 3000 578 3090 appellatio
600 3001 644 3067 ab
664 3001 738 3088 ipso
758 3001 802 3066 ed
823 3001 1011 3090 episcopum
1032 2999 1176 3066 incidere
1194 2999 1327 3066 valebit

275 3103 499 3186 Praetcmasi
529 3124 598 3170 non
630 3109 866 3171 connumerato
900 3103 1057 3193 episcopo,
1081 3103 1223 3169 decenus
1252 3123 1326 3168 cum

276 3207 449 3288 canonicis,
472 3205 528 3272 vel
550 3206 704 3273 omnibus
725 3207 779 3273 vel
810 3206 857 3272 eis
892 3227 974 3295 quoe
1006 3210 1184 3294 praesentes
1214 3204 1327 3271 edesse

276 3309 441 3397 contingit
472 3309 511 3374 in
540 3308 725 3376 cathedrali
753 3309 894 3389 ecclesia,
918 3309 1070 3376 dicantur
1099 3307 1328 3397 capitulum¹3

276 3417 312 3478 et
332 3413 380 3478 sio
400 3410 574 3479 nominato
595 3411 739 3500 capitulo
761 3411 890 3478 accidat
920 3412 1101 3500 capitulum
1124 3411 1327 3480 committere

275 3516 312 3580 in
333 3515 566 3584 auctoritatem
588 3535 646 3581 seu
668 3515 867 3602 dignitatem
893 3535 951 3581 seu
973 3514 1114 3582 officium
1136 3514 1325 3602 episcopale,

274 3624 567 3705 quantumcunque
604 3617 779 3685 manifesto
815 3623 852 3684 et
895 3618 1026 3688 notorio
1069 3617 1212 3700 delictor
1256 3618 1326 3683 sive

274 3719 396 3787 hsbest
417 3720 599 3807 capitulum
629 3741 761 3786 causum
791 3721 949 3788 adversm
982 3721 1126 3806 aliquem
1158 3721 1200 3787 de
1225 3721 1326 3808 juris·

275 3822 422 3890 dictione
455 3823 606 3912 episcopi,
633 3813 704 3889 sire
737 3823 823 3891 alius
856 3823 1043 3911 quicunque
1080 3823 1236 3890 adversus
1273 3843 1325 3889 ca·

275 3925 426 4011 pitulum,
450 3925 739 4012 secundumquod
767 3927 918 4012 sequitur
938 3927 993 3993 vel
1015 3925 1108 4014 sequi
1129 3926 1264 3993 videtur
1284 3947 1327 3990 ex

275 4029 385 4094 verbis
406 4028 605 4094 intentionis
625 4033 753 4110 vestrm,
778 4051 847 4095 non
868 4030 997 4118 poterit·
1025 4029 1193 4116 episcopua
1215 4026 1328 4114 hujus·

275 4129 366 4196 modi
401 4121 609 4196 commissum
643 4131 811 4218 puniendo
849 4130 1008 4218 corrigere
1048 4131 1103 4196 vel
1139 4129 1326 4216 hujusmodi

275 4253 388 4298 causas
418 4232 614 4300 descindere.
660 4233 819 4320 Sequitur
849 4254 979 4320 quoque
1011 4253 1055 4298 ex
1076 4231 1187 4298 verbis
1217 4232 1326 4296 inten-

274 4335 377 4402 tionis
397 4341 526 4416 vestrm,
550 4335 638 4426 quod
671 4358 778 4423 neque
810 4357 991 4424 quosquam
1023 4335 1193 4401 hominum
1219 4354 1326 4420 neque

275 4438 387 4524 aliqua
407 4433 553 4524 locorum
574 4439 839 4530 praescriptorum
863 4437 1087 4526 jurisdictioni
1109 4441 1228 4506 vestre
1250 4437 1325 4504 sub-

311 4769 485 4842 moues]
502 4769 710 4840 duodece.
797 4768 805 4836 ι
858 4765 1235 4838 ·ο.ο.ο.ηρωωιαρεωιω
