3500 5784
416 839 482 904 224
737 857 884 910 uonmrr
906 858 1137 910 snosssrrsrs

386 1113 395 1128 ι
415 1031 475 1108 sui,
491 1036 531 1098 ut
545 1033 592 1099 sio
607 1034 792 1102 denudetur
806 1039 1012 1124 suggerentis
1025 1037 1160 1104 falsitas
1183 1036 1222 1103 Si
1235 1043 1349 1104 autem
1358 1037 1465 1123 judex

414 1133 647 1202 ecolesiestious
670 1137 846 1225 injurietur
868 1138 964 1206 elteri
986 1141 1075 1227 parti
1088 1140 1302 1226 litigantium,
1316 1140 1464 1227 confugi-

414 1235 536 1302 endum
550 1243 601 1304 est
618 1238 661 1304 sd
682 1241 863 1306 remedium
884 1241 1120 1329 appellationis,
1143 1264 1211 1308 non
1232 1243 1276 1307 ad
1289 1242 1465 1328 imperium

413 1339 511 1426 regiae
535 1339 784 1426 prohibitionis;
806 1349 846 1410 ut
868 1365 943 1409 eum
969 1344 1077 1431 judex
1098 1345 1326 1432 appellationis
1347 1365 1467 1431 eogno-

413 1442 499 1507 verit
521 1443 662 1529 priorem
679 1443 825 1529 judioem
856 1445 999 1513 voluisse
1029 1467 1220 1534 eognosoere
1251 1446 1292 1511 de
1313 1467 1353 1512 eo
1375 1445 1464 1532 quod

412 1565 480 1608 non
503 1545 664 1630 pertinuit
686 1546 729 1612 sd
751 1546 859 1614 forum
882 1571 986 1628 suum,
1010 1549 1180 1615 absolvens
1203 1553 1312 1636 partes
1326 1548 1370 1614 ab
1392 1547 1464 1633 ejus

407 1643 534 1732 judicio
556 1648 705 1714 dimittet
735 1671 789 1716 ees
820 1650 892 1716 foro
922 1652 1122 1738 competenti
1152 1651 1293 1738 negotio.
1338 1650 1465 1716 Dicrmt

412 1750 512 1814 etiam
534 1749 638 1836 aliqui
670 1752 758 1838 quod
791 1774 866 1818 oum
899 1752 1011 1819 nullus
1041 1754 1145 1840 possit
1174 1775 1236 1819 sua
1265 1753 1465 1840 possessione

413 1850 468 1917 vel
489 1853 585 1939 quasi
606 1854 808 1940 possessione
830 1855 901 1921 sine
918 1853 1044 1941 judicio
1066 1855 1207 1943 spoliari,
1239 1861 1275 1920 et
1310 1854 1464 1919 dominus

413 1975 472 2019 rex
498 1959 532 2021 et
565 1956 814 2043 pnedeoessores
845 1958 897 2022 sui
930 1957 999 2024 sint
1028 1958 1066 2022 in
1096 1957 1157 2023 hac
1190 1957 1388 2044 possessione
1410 1955 1465 2021 vel

412 2057 507 2142 quasi
530 2059 737 2144 possessione,
760 2059 915 2126 videlieet
937 2059 1026 2146 quod
1058 2059 1102 2124 ad
1135 2059 1329 2124 mandatum
1360 2057 1464 2144 ipsius

412 2157 609 2246 oompellsnt
631 2160 771 2248 episeopi
806 2161 937 2226 elericos
968 2167 1009 2226 ut
1041 2162 1178 2227 veniant
1207 2159 1394 2248 responsuri
1427 2160 1463 2223 in

411 2259 482 2326 foro
504 2283 572 2340 suo,
587 2284 687 2348 quare
710 2263 879 2329 tenuerint
898 2264 952 2328 vel
973 2264 1135 2350 prosecuti
1160 2263 1283 2328 luerint
1305 2262 1463 2349 placitum

411 2363 561 2429 incuria
583 2363 846 2431 Christianitatis
868 2371 984 2432 eontra
1007 2387 1101 2430 suem
1132 2365 1395 2451 prohibitionem,
1429 2369 1464 2428 et

411 2467 500 2551 quod
522 2465 629 2532 elerici
651 2467 687 2531 in
718 2466 787 2532 foro
818 2488 877 2532 suo
910 2489 1007 2554 super
1037 2467 1107 2532 haee
1137 2473 1172 2533 et
1204 2467 1392 2553 hujusmodi
1414 2488 1466 2530 re-

411 2567 604 2655 spondeant,
626 2573 661 2635 et
683 2568 772 2654 quod
794 2569 935 2655 episoopi
960 2569 1061 2635 etiam
1091 2569 1215 2635 ibidem
1246 2569 1465 2656 respondes-nt

411 2692 510 2757 quare
533 2671 663 2738 elericos
686 2693 762 2736 suos
784 2692 851 2737 non
873 2671 1090 2758 eompulen'nt
1120 2671 1164 2737 ed
1196 2670 1265 2736 hoo
1311 2671 1349 2736 Si
1379 2670 1465 2736 forte

411 2773 542 2839 eosdem
565 2773 696 2840 clericos
719 2773 892 2860 continget
913 2795 981 2838 non
1003 2794 1188 2861 eomparere
1210 2773 1247 2838 in
1269 2772 1341 2838 foro
1362 2773 1463 2860 regio,

410 2897 479 2941 non
501 2881 610 2963 potest
632 2875 785 2941 dominus
806 2896 867 2940 rex
884 2874 955 2940 sine
972 2874 1099 2960 judicio
1112 2875 1174 2940 bae
1188 2897 1249 2940 sua
1263 2877 1465 2961 possessione

410 2978 465 3044 vel
503 2979 596 3063 quasi
633 2978 832 3066 possessione
869 2975 1009 3063 spoliari.
1065 2976 1132 3043 Sed
1164 2976 1217 3042 bis
1247 2977 1466 3064 respondetur

411 3078 501 3165 quod
523 3083 691 3166 peooetum
713 3078 797 3144 nihil
819 3083 877 3157 est,
909 3083 943 3145 et
974 3083 1109 3166 propter
1130 3079 1191 3144 hoo
1212 3084 1306 3144 aetus
1328 3080 1464 3166 peoeati,

411 3183 448 3246 in
470 3187 632 3268 quantum
663 3186 714 3248 est
739 3185 832 3247 aetus
864 3183 997 3269 peeoati,
1022 3181 1182 3248 veraciter
1205 3180 1289 3246 nihil
1321 3186 1381 3248 est
1427 3181 1466 3246 Si

249 3285 399 3340 renerus.
411 3285 499 3351 enim
522 3288 557 3350 et
578 3281 716 3350 idolum
730 3289 761 3349 ei
775 3281 883 3350 idolis
903 3281 1132 3361 irresolutum,
1147 3283 1337 3349 testimonio
1359 3285 1468 3371 Apos-

412 3387 482 3464 toli,
498 3384 594 3452 ulkil
615 3393 670 3459 ast.
689 3385 767 3452 lieet
785 3386 925 3452 materia
937 3385 1018 3451 idoli
1032 3391 1067 3453 et
1080 3385 1188 3474 figura
1209 3384 1289 3470 ejus,
1312 3385 1468 3451 similiter

411 3493 446 3555 et
468 3488 653 3554 substantia
675 3488 780 3554 earnis
803 3511 877 3574 quae
899 3487 995 3554 idolis
1027 3487 1225 3566 immolatur,
1248 3489 1294 3553 sit
1315 3487 1469 3573 aliquid3

410 3592 516 3657 multo
538 3590 655 3656 fortius
677 3591 755 3657 lioet
777 3579 883 3656 omnis
905 3592 991 3657 aetio
1013 3590 1058 3656 sit
1078 3589 1212 3676 aliquid,
1236 3595 1330 3655 aetus
1351 3595 1468 3656 tamen

410 3693 535 3780 peooati
572 3692 660 3758 unde
697 3698 865 3780 peecatum
902 3698 961 3774 est,
993 3691 1078 3758 nihil
1108 3696 1166 3758 est
1220 3691 1332 3779 Igitur
1361 3692 1469 3779 ipsius

410 3800 503 3861 aetus
526 3795 650 3882 peceati
681 3795 773 3860 nulla
806 3801 857 3860 est
888 3795 1046 3882 possessio
1068 3794 1123 3859 vel
1156 3793 1251 3880 quasi
1284 3795 1469 3880 possessi03

411 3896 494 3961 nihil
517 3898 605 3962 enim
626 3895 681 3962 vel
703 3896 861 3983 possideri
884 3896 938 3962 vel
961 3896 1053 3982 quasi
1076 3896 1234 3984 possideri
1256 3918 1323 3962 non
1347 3902 1470 3984 potest

411 3997 449 4064 Si
471 3998 574 4085 igitur
595 4004 630 4065 et
652 3998 811 4083 subjectio
834 3998 1023 4065 elericorum
1046 4020 1113 4084 qua
1144 3998 1313 4064 subiciunt
1346 4021 1382 4064 se
1411 3999 1470 4083 ju-

411 4099 496 4166 dioio
533 4099 642 4166 laioali
676 4104 792 4166 eontra
822 4099 1011 4167 libertatem
1053 4100 1195 4166 eeclesiae
1232 4104 1268 4166 et
1301 4122 1470 4166 canonum

410 4205 546 4281 statuta,
568 4207 603 4268 et
625 4201 802 4288 compulsio
824 4224 937 4268 eorum
959 4223 1018 4289 per
1040 4223 1117 4266 suos
1138 4202 1305 4290 episeopos
1326 4203 1372 4268 ad
1404 4203 1471 4270 hoo

409 4301 603 4383 faciendum,
631 4309 666 4368 et
697 4305 875 4390 oompulsio
907 4326 974 4390 qua
1006 4325 1067 4370 rex
1097 4304 1264 4391 oompellit
1298 4306 1472 4393 episeopos

408 4404 452 4470 ad
489 4404 748 4492 compellendum
785 4406 942 4493 praedioto
987 4406 1085 4471 modo
1122 4427 1197 4471 suos
1234 4405 1376 4488 olerieos,
1415 4414 1473 4474 est

409 4510 501 4573 uetus
524 4507 667 4594 peecath
691 4529 765 4572 cum
787 4528 855 4573 non
877 4506 1029 4572 obeditur
1060 4506 1097 4570 in
1129 4506 1191 4572 hae
1213 4513 1308 4595 perte
1331 4509 1473 4577 domino

408 4609 485 4694 regi,
519 4609 588 4696 ipse
610 4629 669 4674 rex
691 4631 750 4696 per
770 4609 833 4675 hoo
854 4609 948 4673 nulla
978 4609 1112 4674 omnino
1144 4629 1180 4675 re
1214 4610 1384 4697 spolietur,
1408 4614 1476 4678 sed

408 4709 515 4775 multo
539 4711 648 4777 verius
681 4711 792 4796 aliqua
825 4732 861 4776 re
892 4711 1043 4789 vestitur,
1078 4711 1158 4796 quia
1188 4713 1334 4799 privatio
1357 4715 1478 4800 priva—
