3500 5784
425 886 468 950 28
752 898 902 952 sonsum
924 898 1157 952 ancssrrrrsra

423 1078 533 1158 posset
555 1076 660 1141 conici
685 1074 774 1161 quod
808 1080 918 1142 astute
952 1075 1015 1141 sub
1045 1076 1151 1163 speeie
1172 1074 1262 1162 pacis
1284 1071 1475 1141 tenderem¹

423 1174 466 1239 ad
500 1174 702 1255 dilationem,
735 1178 838 1243 verba
868 1178 1040 1243 literarum
1073 1200 1221 1244 mearum
1253 1176 1399 1264 posuisse
1421 1176 1476 1240 de·

423 1275 548 1355 buistis,
581 1283 621 1343 ut
654 1300 721 1344 non
755 1302 799 1345 ex
832 1279 1012 1345 assertione
1040 1284 1159 1359 vestra,
1182 1279 1240 1345 sed
1262 1300 1304 1345 ex
1326 1300 1382 1345 ore
1403 1299 1476 1342 meo

421 1380 638 1461 convincerer,
662 1386 721 1447 aut
755 1402 829 1468 qnae
859 1404 920 1469 ege
950 1381 1030 1460 dixi,
1055 1402 1124 1447 non
1146 1380 1257 1467 qualia
1279 1402 1332 1447 me
1353 1379 1476 1446 dixisse

421 1482 571 1560 scribitis,
595 1504 674 1548 vera
696 1484 824 1550 ratione
848 1484 1064 1550 defenderem.
1108 1482 1211 1548 Absit
1232 1487 1346 1548 autem
1367 1486 1408 1546 ut
1429 1480 1476 1547 sic

421 1581 558 1668 injurier
594 1584 678 1671 paci,
706 1585 795 1673 qued
832 1607 871 1651 aa
909 1586 1004 1652 velut
1040 1585 1139 1673 pullio
1177 1592 1351 1673 contegam
1387 1585 1476 1672 pacis

422 1684 614 1752 dilationem
644 1693 679 1753 et
710 1686 882 1755 discordiae
904 1687 1063 1770 fomitem,
1087 1694 1122 1754 et
1144 1710 1217 1754 eam
1241 1710 1341 1775 quam
1364 1688 1476 1753 omnia

421 1793 591 1873 appetunt,
614 1788 825 1875 omniumque
848 1788 1000 1855 laborum
1031 1796 1081 1856 est
1114 1791 1199 1869 finis,
1232 1812 1254 1855 a
1284 1810 1337 1854 me
1358 1794 1474 1877 qronte

421 1889 567 1977 elongem
592 1890 781 1978 ordinisque
803 1892 1080 1977 tranquillitatem
1111 1893 1243 1958 trahem
1276 1892 1313 1957 in
1346 1897 1473 1978 pertur-

422 1990 596 2058 bationem.
642 1994 698 2059 Ad
731 1993 792 2059 hoe
826 1999 940 2060 autem
970 1996 1059 2080 qued
1082 1998 1317 2080 consequenter
1338 1993 1474 2079 subjun-

419 2093 500 2179 gitis
522 2096 558 2159 in
581 2095 678 2161 litera
692 2100 811 2175 vestra,
827 2095 992 2175 videlicet,
1009 2097 1098 2183 quod
1117 2097 1195 2162 licet
1217 2118 1284 2162 non
1305 2116 1473 2182 possemus

419 2198 592 2263 convenire
623 2196 677 2262 die
711 2201 838 2263 statuto
870 2198 961 2284 apud
984 2197 1195 2277 Dunelmum,
1221 2198 1315 2284 potui
1349 2203 1471 2275 tamen,

418 2298 447 2362 si
477 2298 560 2363 mihi
592 2298 743 2386 placeret,
779 2300 866 2365 diem
898 2300 1082 2367 citeriorem
1112 2300 1157 2365 ad
1186 2298 1398 2365 tractandum
1430 2298 1472 2365 dc

418 2420 497 2485 pace
521 2401 617 2466 vobis
635 2401 852 2482 constituisse,
877 2402 1032 2468 videlicet
1054 2406 1132 2467 ante
1155 2401 1278 2467 Natalc
1296 2400 1367 2487 jam
1388 2423 1471 2488 prae·

419 2503 564 2582 teritum,
590 2504 644 2568 vel
677 2504 792 2569 statim
831 2509 927 2591 pest3
964 2504 1154 2592 respondeo,
1186 2503 1273 2589 qued
1296 2508 1470 2591 postquam

418 2604 626 2671 firmaveram
660 2606 863 2693 prepositum
892 2608 933 2671 de
964 2628 1098 2694 peregre
1130 2605 1374 2693 proficiscendo,
1403 2627 1471 2671 non

418 2708 613 2794 petulante
642 2708 764 2774 Natale
786 2708 882 2773 uobis
913 2708 1030 2795 [apud]
1061 2709 1263 2773 Dunelmum
1286 2708 1469 2785 occurrisse,

417 2832 491 2875 cum
530 2832 589 2898 pro
626 2810 784 2897 temperis
830 2810 1002 2891 brevitate,
1041 2815 1115 2877 tum
1158 2833 1218 2897 pro
1262 2809 1470 2897 negotiorum

417 2913 538 2979 arctius
574 2914 765 3000 urgentium
802 2913 1023 2999 occupatione.
1072 2913 1306 3000 Disposueram
1340 2934 1468 2999 queque

417 3015 530 3079 statim
553 3019 628 3101 pest
651 3014 871 3101 Epiphaniam
893 3014 959 3081 iter
980 3014 1251 3102 peregrinationis
1273 3014 1470 3102 arripuisse3

417 3120 451 3179 et
472 3114 570 3201 hujus
592 3116 640 3180 rei
663 3120 764 3181 testes
786 3114 853 3181 mei
876 3122 957 3183 sunt
970 3117 1037 3181 viri
1059 3117 1172 3205 magni
1194 3116 1260 3183 fide
1274 3116 1466 3203 dignissimi,

416 3218 506 3283 omni
529 3216 666 3303 majores
689 3217 889 3304 exceptione.
934 3218 1123 3285 Adnectitis
1144 3225 1256 3285 autem
1289 3240 1342 3285 me
1373 3224 1469 3305 potu-

415 3320 477 3385 isse
510 3320 550 3386 de
584 3318 673 3385 facili
695 3320 903 3386 veluntatem
926 3342 1034 3387 meam
1056 3321 1238 3387 literatorie
1259 3320 1466 3408 significasse,

415 3428 450 3488 et
472 3444 540 3488 non
562 3422 748 3510 exprimitis
770 3443 868 3509 super
891 3444 957 3510 qna
978 3446 1014 3489 re
1034 3424 1217 3490 voluntatis
1238 3444 1320 3489 meae
1342 3423 1469 3510 signifi-

415 3525 576 3590 cationem
599 3524 806 3612 intelligitis:
840 3524 929 3590 unde
961 3547 1037 3591 cum
1062 3546 1131 3592 non
1164 3527 1268 3612 possit
1289 3524 1468 3613 significari

414 3627 568 3693 voluntas
605 3626 670 3691 nisi
715 3648 812 3713 super
849 3650 886 3692 re
923 3634 1020 3705 certa,
1058 3628 1241 3714 cujusmodi
1284 3628 1468 3693 voluntatis

413 3728 685 3816 significationem
708 3728 745 3793 in
767 3730 926 3815 praedicto
948 3729 1050 3795 verbo
1072 3729 1309 3810 intellexeritis,
1334 3732 1469 3796 omnino

413 3852 481 3897 non
510 3831 679 3919 intellig03
713 3831 791 3918 quia
813 3852 873 3897 nec
902 3831 965 3897 lroc
994 3836 1105 3918 potest
1134 3832 1279 3919 intelligi
1301 3854 1345 3897 ex
1366 3833 1469 3898 verbo

413 3933 581 4021 praedicte.
626 3932 682 3997 Ad
703 3932 766 3998 hoe
788 3938 900 4000 autem
923 3934 1012 4019 quod
1035 3932 1237 4014 subinfertis,
1275 3954 1329 4000 me
1365 3936 1467 4000 talem

413 4040 657 4121 procuratorem
694 4034 840 4121 potuisse
878 4034 1013 4114 misisse,
1051 4035 1183 4121 qualem
1220 4036 1310 4123 apud
1347 4036 1466 4102 Sarum

412 4138 544 4203 mittere
588 4136 750 4224 proposui,
789 4138 978 4224 respondeo,
1016 4138 1104 4225 qued
1141 4138 1368 4209 ordinaveram
1412 4160 1466 4205 me

411 4238 587 4305 missurum
610 4238 729 4305 Sarum
751 4238 861 4305 virum
884 4239 1050 4327 quendam
1072 4262 1238 4329 magnum,
1261 4260 1329 4307 non
1354 4241 1465 4329 litiga-

411 4345 517 4407 torem
547 4342 604 4407 sed
637 4341 726 4427 pacis
754 4347 943 4424 amatorem,
977 4364 1036 4430 per
1068 4364 1166 4430 quem
1196 4343 1326 4431 speravi
1359 4345 1466 4410 modis

412 4442 563 4509 omnibus
585 4465 699 4530 pacem
724 4442 813 4509 inter
843 4464 904 4509 nos
935 4444 1005 4510 fore
1038 4445 1303 4527 reformandam
1325 4446 1367 4511 de
1389 4467 1463 4531 quo,

411 4546 447 4610 in
478 4566 557 4632 paee
586 4544 803 4624 reformanda,
837 4567 938 4631 quam
969 4546 1011 4611 de
1044 4546 1110 4612 alio
1140 4546 1299 4633 majorem
1332 4548 1463 4635 portavi

491 4708 614 4715 ---.--
679 4707 724 4715 --r
750 4708 838 4714 ———

687 4786 694 4819 ¹
714 4784 843 4855 auderem]
862 4790 971 4850 tandem,
982 4788 1083 4854 C.0.C.‚
1095 4790 1146 4843 ΟΧ.
