3500 5784
707 850 889 906 srrsroum
1281 844 1324 909 23

269 1022 452 1107 periculum
486 1023 693 1103 incurrerem,
718 1031 778 1091 aut
812 1026 946 1112 aliquod
978 1047 1080 1113 grave
1104 1026 1321 1113 dispendium.
1433 1063 1438 1070 ·

270 1123 410 1191 Decrevi
432 1124 545 1213 itaque
568 1130 739 1193 tantorum
771 1132 806 1194 et
840 1134 910 1195 tam
944 1129 1144 1215 sapientium
1165 1132 1321 1209 virorum,

269 1233 428 1315 tantaque
451 1228 635 1295 dilectionis
658 1230 846 1299 sinceritate
868 1232 952 1297 mihi
974 1233 1223 1311 consulentium,
1245 1256 1319 1299 con·

267 1330 341 1396 silio
372 1331 602 1417 adquiescere3
633 1356 675 1399 ne
709 1334 861 1401 recedens
893 1336 936 1402 ab
970 1358 1084 1401 eorum
1118 1336 1261 1417 consilio,
1284 1336 1321 1401 in

267 1434 449 1521 penicillum
471 1435 675 1522 improvidus
694 1437 851 1518 caderem,
868 1441 904 1503 et
918 1442 1089 1504 tantorum
1112 1439 1321 1505 dominorum

267 1542 303 1601 et
334 1538 513 1603 amicorum
546 1540 665 1604 merito
703 1539 967 1626 indignationem
1004 1541 1210 1620 incurrerem,
1245 1564 1320 1607 con·

267 1638 418 1706 tumaciae
456 1661 585 1726 quoque
623 1646 657 1707 et
694 1643 959 1729 praesumptionis
1003 1648 1086 1709 nota
1123 1643 1319 1730 denigrarer.
1373 1646 1385 1655 “

268 1740 370 1828 Spero
404 1748 516 1808 autern
550 1743 638 1829 quod
669 1744 756 1809 hanc
788 1745 1010 1810 tardationem
1043 1766 1111 1810 non
1138 1745 1320 1832 imputabit

267 1844 439 1923 Dominus,
463 1844 521 1931 qui
543 1849 656 1911 tamen
677 1846 776 1931 jubet
806 1846 844 1911 in
877 1846 1067 1933 hujusmodi
1089 1868 1157 1913 uon
1178 1848 1318 1929 tardare,

266 1968 325 2033 per
348 1969 446 2033 quem
469 1948 571 2014 etiam
605 1948 744 2013 dicitur:
777 1948 828 2014 Ira
859 1948 1023 2015 omnibus
1054 1948 1211 2037 operibus
1244 1950 1318 2017 raia
1330 1970 1428 2024 merua

265 2056 332 2115 esto
375 2049 473 2117 vcloae.
543 2049 618 2117 Hoc
663 2052 752 2115 enim
796 2051 954 2117 velociter
997 2052 1047 2132 fit,
1092 2051 1182 2137 quod
1226 2053 1318 2119 ultra
1328 2039 1402 2089 ¹¹¹5·
1416 2044 1456 2091 ⁹²

266 2152 423 2239 temporis
446 2152 731 2241 opportunitatem
752 2176 821 2219 non
852 2152 1012 2233 differtur,
1035 2176 1096 2220 nec
1127 2155 1212 2221 citra
1233 2160 1316 2221 tem-

264 2255 354 2341 poris
376 2256 659 2343 opportunitatem
682 2256 901 2342 praesumitur.
949 2256 1050 2322 Ultra
1071 2280 1214 2345 namque
1237 2258 1319 2325 dila·

266 2361 347 2437 tum,
371 2358 543 2425 tarditatis
565 2358 666 2424 habet
688 2360 833 2441 vitium;
863 2360 948 2425 citra
968 2381 1047 2425 vero
1079 2366 1317 2448 praesumptum

265 2480 333 2525 non
355 2465 406 2525 est
427 2460 534 2539 velox,
557 2460 615 2526 sed
637 2462 742 2547 magis
764 2484 1016 2549 praeproperum.
1062 2462 1165 2549 Spero
1187 2485 1317 2551 quoque

263 2562 351 2648 quod
372 2568 492 2629 vestrm
506 2563 729 2629 venerationis
752 2564 907 2630 discretio
928 2565 1014 2631 hanc
1036 2586 1144 2631 meam
1166 2572 1317 2651 expecta

263 2665 389 2732 tionem
412 2688 455 2731 ex
477 2666 537 2732 tali
560 2688 658 2733 causa
679 2688 747 2731 non
769 2667 911 2733 ascribet
924 2667 1058 2733 levitati
1076 2668 1316 2747 inconstantiae‚

263 2789 323 2833 nec
355 2790 408 2834 me
440 2772 573 2855 propter
606 2770 698 2848 hano,
722 2769 853 2835 utinam
887 2791 948 2836 nec
979 2772 1113 2855 propter
1143 2769 1219 2851 adia,
1241 2792 1317 2835 oon-
1390 2799 1393 2805 ·

264 2871 452 2936 numerabit
482 2892 556 2936 cum
579 2871 663 2937 illis¹
697 2872 755 2957 qui
782 2870 1078 2958 circumferantur
1099 2870 1199 2937 mani
1221 2880 1316 2939 vento
1328 2895 1392 2961 aph,
1401 2896 1435 2949 iv.
1445 2902 1483 2951 14.

264 2971 429 3040 doctrinm
442 2996 450 3055 3
473 2974 539 3061 qui,
557 2978 596 3041 ut
611 2973 661 3039 ait
683 2972 814 3053 Seneca,
832 2980 851 3011 “
860 2996 904 3039 ex
918 2974 990 3039 aliis
1005 2974 1181 3061 propositis
1196 2974 1234 3039 in
1248 2975 1315 3041 alia
1329 2988 1431 3053 Seneca

264 3082 282 3109 “
303 3082 478 3143 transeunt
499 3081 560 3143 aut
574 3097 651 3143 casu
666 3077 809 3162 quodam
824 3076 1126 3154 transmittuntur³,
1144 3078 1202 3163 qui
1223 3099 1313 3144 moro
1325 3056 1475 3179 ,Egssffiff’st

263 3185 282 3217 “
304 3202 418 3245 eorum
433 3179 491 3266 qui
512 3178 705 3245 fluminibus
726 3178 893 3261 innatant,
907 3201 975 3245 non
997 3178 1102 3245 eunt³
1123 3180 1181 3245 sed
1203 3181 1349 3254 ferun-p.
1361 3195 1401 3245 ⁸⁷.

245 3288 283 3347 .“
304 3280 388 3347 tur.''
444 3282 560 3349 Manet
581 3304 725 3369 namque
745 3283 828 3347 mihi
857 3303 926 3348 nou
955 3287 1091 3361 motum,
1117 3288 1312 3371 conceptum

261 3384 352 3471 prius
375 3384 669 3472 propositumque
692 3385 734 3451 ad
756 3386 818 3451 hoc
832 3406 927 3472 spero
942 3385 1031 3470 quod
1053 3389 1199 3450 constem
1220 3387 1312 3466 mihi,

261 3488 350 3554 idem
364 3488 479 3554 volens
502 3487 599 3554 hodie
621 3488 710 3575 quod
732 3487 813 3555 heri
858 3488 937 3553 Non
952 3487 1042 3552 euim
1063 3488 1200 3554 accessit
1221 3490 1314 3576 prius

261 3590 386 3657 habitae
418 3590 631 3657 “voluntatis
660 3590 803 3656 mutatio
811 3586 852 3670 ⁴,”
882 3611 964 3675 quae,
988 3594 1029 3655 ut
1062 3589 1147 3655 dicit
1179 3591 1311 3672 Seneca,
1325 3596 1454 3661 Eris-³⁵·

260 3700 278 3727 “
300 3693 428 3759 indicat
460 3694 608 3759 arrimum
646 3698 761 3759 natare
794 3692 917 3758 alicubi
954 3696 1056 3779 atque
1088 3692 1210 3758 aiicubi
1238 3716 1312 3781 pro·
1325 3678 1349 3729 1³·
1364 3670 1417 3717 ¹²⁸·

261 3803 279 3831 “
301 3816 423 3882 perere,
432 3801 531 3882 prout
546 3795 627 3861 tulit
641 3793 790 3861 ventus.’'
824 3794 889 3861 Est
903 3799 1024 3874 autem,
1040 3798 1079 3859 ut
1093 3794 1183 3861 idem
1198 3810 1313 3863 auctor

257 3898 382 3977 amerit,
402 3906 419 3933 “
429 3899 622 3979 constantia,
638 3919 711 3984 quae
726 3898 812 3965 deici
833 3898 906 3964 loco
920 3919 990 3963 nou
1003 3902 1122 3984 potest,
1138 3902 1173 3964 et
1195 3920 1311 3988 propo·
1322 3910 1403 3978 Epist
1415 3919 1456 3978 or,

258 4008 278 4037 “
301 4001 403 4067 situm
424 4002 517 4067 nulla
531 4001 567 4067 vi
582 4006 799 4088 extorquente
814 3998 982 4067 dimittit'’
1027 4000 1074 4067 Et
1095 4001 1226 4068 utinam
1239 4009 1311 4071 tam
1323 3995 1347 4045 Ρ·
1359 3986 1417 4035 ²⁴⁷·

258 4126 327 4169 non
357 4126 485 4191 possem
508 4104 592 4170 deici
615 4105 651 4169 in
673 4104 786 4190 aliqua
807 4126 828 4169 a
849 4102 1018 4190 proposito
1048 4104 1144 4184 bono,
1168 4128 1268 4192 quam
1290 4132 1312 4174 a

258 4213 412 4295 concepto
427 4208 594 4295 proposito
610 4213 687 4274 actu
700 4228 769 4273 non
778 4206 912 4296 deicior.
959 4205 1045 4273 Cum
1059 4206 1165 4295 igitur
1178 4216 1312 4277 maneat

293 4536 300 4567 ¹
318 4552 370 4588 cum
381 4534 443 4603 illu]
465 4537 530 4589 inter
548 4536 612 4599 illos,
631 4536 693 4600 sio,
710 4538 756 4589 but
776 4536 779 4549 '
836 4536 933 4604 ³eaat]
952 4544 1049 4602 natant,
1064 4536 1132 4591 Sid'

258 4618 594 4684 correctedinthemargin.
837 4616 993 4671 *mastatio
1019 4618 1133 4685 naua]
1162 4616 1310 4680 voluntario,

256 4698 523 4829 signatissimum]
553 4704 757 4782 umsmutanmr,
805 4696 969 4760 O.c.c.,0n
