3500 5784
471 880 514 944 18
797 892 945 943 nosmri
966 890 1200 943 esossmasrn

302 1088 439 1155 oughsnot
469 1070 581 1138 voeari
617 1092 684 1139 non
710 1072 858 1159 ambigit.
918 1072 1035 1138 Cordis
1064 1094 1192 1159 quoque
1228 1073 1362 1139 nomine
1382 1093 1525 1138 amorem

302 1156 460 1287 ἓξὲξ
472 1174 637 1263 designari
667 1175 829 1241 meminit.
886 1175 1098 1264 Quapropter
1118 1176 1244 1242 ibidem
1273 1196 1342 1242 esse
1371 1196 1523 1255 amorem,

303 1290 368 1370 rem
471 1278 531 1343 ubi
560 1282 611 1343 est
645 1278 827 1365 preciosum
866 1278 1022 1343 ardenter
1052 1282 1209 1359 amatum,
1246 1280 1453 1345 veracissime
1475 1278 1525 1343 in·

399 1394 407 1410 ⁶
470 1380 602 1467 belligil.
633 1380 790 1447 Amorem
806 1385 920 1447 aulem
935 1386 1154 1447 elementem
1170 1381 1316 1469 disjungi
1337 1402 1406 1447 non
1420 1402 1522 1468 posse,

472 1484 607 1549 omnino
629 1488 746 1549 notum
768 1488 803 1549 el
825 1487 952 1550 nerium
966 1488 1023 1550 esi
1070 1484 1170 1551 Unde
1189 1489 1356 1550 amantem
1377 1489 1413 1549 et
1437 1504 1525 1549 ems·

472 1592 546 1651 lum
559 1586 668 1651 “droul
690 1606 760 1651 esse
784 1586 998 1651 manifestum
1024 1591 1083 1652 esi
1130 1588 1241 1675 Igitur
1255 1586 1523 1673 mulioamplius
1651 1622 1659 1641 ι

472 1692 640 1755 ementem
672 1694 708 1753 el
740 1686 966 1755 redamantem
997 1688 1095 1755 simul
1116 1688 1331 1755 essedorum
1361 1694 1418 1768 esl,
1451 1708 1524 1753 eom

472 1793 510 1857 in
533 1792 576 1857 ed
596 1792 739 1858 invicem
763 1793 960 1871 ensentibus,
983 1792 1154 1878 utriusque
1169 1794 1214 1858 sil
1228 1814 1343 1858 amans
1356 1797 1391 1858 ei
1405 1792 1527 1856 utrius·

473 1916 539 1984 que
571 1900 728 1974 amatum,
757 1900 792 1961 et
814 1896 909 1981 quasi
932 1901 1050 1960 mutuo
1071 1897 1147 1961 visu
1168 1900 1306 1982 uterque
1327 1898 1363 1961 in
1384 1895 1524 1961 alierum

472 2002 564 2064 lotus
598 2004 661 2077 eet,
686 2002 860 2065 elmuino
890 1999 1045 2084 amplexu
1077 2020 1148 2064 sese
1177 1999 1447 2096 indissolnbiliter
1475 2018 1526 2063 as·

304 2098 632 2188 Acervsatrffnganp,
705 2101 833 2166 Iterum
880 2100 1039 2188 scriplum
1076 2101 1240 2167 novistis:
1279 2098 1524 2167 Multitudinis

473 2203 686 2271 eredendum
707 2224 773 2269 esse
796 2224 852 2269 eor
877 2224 995 2270 eoum
1025 2210 1056 2269 et
1088 2202 1250 2271 oaiowm
1283 2224 1401 2271 iteam
1458 2202 1524 2269 Sed

472 2306 544 2372 luee
559 2306 678 2372 elarius
693 2312 751 2384 esi,
776 2328 815 2371 ea
829 2328 903 2392 quae
924 2326 1029 2371 unum
1051 2312 1139 2387 eunt,
1155 2307 1352 2373 ab'invieem
1367 2328 1435 2371 non
1456 2326 1524 2370 esse

473 2409 580 2474 divisa
592 2432 600 2491 ;
634 2409 678 2473 sd
708 2409 849 2475 invicem
872 2409 977 2495 igitur
1008 2430 1076 2474 sese
1099 2410 1280 2497 diligentes,
1303 2416 1337 2475 et
1359 2408 1525 2496 diligendo

472 2512 649 2590 eredenies
674 2510 755 2576 dum
776 2511 859 2576 iales
880 2516 966 2593 simi,
983 2533 1191 2598 nequaquam
1206 2511 1406 2577 abinvicem
1428 2510 1526 2576 divisi

472 2618 506 2679 el
522 2614 682 2679 distantes
705 2634 772 2679 esse
795 2620 943 2701 possunt,
969 2636 1044 2680 eum
1070 2614 1170 2679 simul
1190 2614 1258 2679 imo
1279 2615 1381 2680 eliam
1410 2634 1523 2692 unum,

475 2717 560 2782 sicul
592 2715 791 2782 auctoritaie
823 2716 1041 2803 irrefragabili
1064 2716 1242 2803 Scripturas
1278 2721 1380 2803 pelet,
1419 2736 1526 2781 neees-

472 2820 558 2885 serio
585 2824 670 2885 suni.
718 2818 823 2884 Dolor
841 2818 947 2905 igilur
971 2820 1104 2885 devere
1127 2818 1330 2885 credentium
1353 2823 1388 2884 et
1409 2822 1526 2883 mutua

473 2922 610 2988 caritate
634 2942 702 2987 sese
727 2920 936 3008 diligentium
961 2921 1124 2987 divisione
1148 2923 1219 2987 sive
1244 2923 1410 2997 distantia
1435 2920 1526 2985 dolor

472 3025 580 3088 inanis
603 3029 661 3103 esi,
678 3024 756 3109 quie
781 3022 872 3089 dolel
896 3024 938 3089 de
960 3046 998 3089 eo
1023 3024 1112 3109 quod
1133 3024 1220 3088 nihil
1242 3029 1299 3101 esi,
1324 3024 1381 3089 sed
1405 3024 1524 3089 solum-

472 3126 569 3191 modo
592 3126 628 3189 in
649 3125 808 3212 figmento
834 3126 925 3191 falsae
949 3126 1110 3213 opinionis
1135 3132 1169 3192 et
1196 3127 1334 3191 earnalis
1366 3127 1525 3212 imagina-

471 3229 572 3294 tionis
606 3248 674 3316 esse
705 3227 814 3292 hebel.
871 3228 996 3293 Eorum
1027 3230 1116 3293 enim
1147 3250 1221 3313 quas
1244 3228 1343 3293 simul
1365 3232 1400 3293 ei
1420 3250 1524 3292 unum

472 3337 559 3410 sunt,
576 3334 709 3395 nonest
730 3350 818 3409 vera,
842 3330 900 3394 sed
914 3331 1021 3395 solum
1043 3330 1122 3395 ficta
1136 3336 1171 3395 et
1193 3330 1374 3416 imaginata
1399 3328 1523 3414 sejunc-

471 3434 520 3497 tio
543 3432 585 3497 ab
610 3432 751 3496 invicem
775 3435 809 3496 el
832 3430 1000 3498 distansia
1045 3431 1089 3496 In
1111 3432 1200 3497 viros
1221 3433 1334 3517 itaque
1364 3431 1525 3517 spiritales

472 3540 507 3601 el
529 3535 674 3601 carnales
701 3532 953 3619 imaginationes
979 3556 1201 3621 supergressos
1225 3540 1259 3600 el
1281 3535 1352 3599 luee
1374 3535 1525 3598 veritalis

471 3638 626 3725 perfusos,
661 3635 849 3723 hujusmodi
880 3636 1025 3702 dolorem
1054 3638 1169 3703 cedere
1190 3637 1364 3723 indignum
1394 3641 1465 3715 est3
1505 3658 1527 3701 a

472 3741 592 3827 quibus
613 3741 710 3827 longe
732 3739 898 3825 relegatur
919 3739 1008 3825 quod
1031 3761 1156 3806 vanum
1179 3746 1212 3806 et
1234 3740 1333 3804 inane
1355 3743 1413 3805 esi

302 3854 461 3908 neeonsoles
519 3842 602 3909 Hsee
616 3847 728 3908 aulem
743 3846 814 3906 lam
828 3842 927 3928 longo
945 3841 1106 3928 principio
1128 3840 1355 3927 pertraelats¹,
1371 3862 1525 3926 quorsum

303 3922 443 4042 ffiffi}
471 3946 620 4023 tendent,
644 3943 789 4010 breviter
811 3944 989 4029 explicabo.
1050 3944 1168 4009 Frater
1189 3944 1299 4009 Adam
1321 3944 1363 4009 de
1386 3943 1526 4023 Oxonia,

303 4055 455 4106 Oxfordfor
473 4048 631 4133 corporali
654 4050 689 4111 ei
712 4046 807 4111 locali
839 4046 1008 4124 distantia,
1034 4046 1178 4112 Domino
1200 4052 1414 4134 promovente
1441 4046 1527 4132 ejus·

304 4120 448 4239 ffissffisss
473 4150 547 4214 dem
562 4147 727 4213 laudabile
743 4152 777 4212 el
793 4154 945 4213 sanelum
967 4148 1179 4235 propositum,
1202 4171 1224 4213 a
1245 4149 1340 4214 vobis
1362 4155 1413 4214 esi
1435 4170 1526 4236 sepe-

304 4252 409 4317 oxford,
472 4251 613 4315 randus:
661 4250 754 4336 cujus
792 4248 1031 4336 separationem
1068 4250 1203 4317 localem
1248 4256 1282 4317 ei
1326 4251 1525 4337 corporalem

472 4358 605 4440 possent
627 4350 712 4417 forle
739 4350 842 4437 aliqui
874 4352 916 4417 de
949 4352 1106 4429 fratribus
1138 4353 1244 4419 adhue
1282 4353 1523 4430 infirmioribus,

472 4456 525 4521 vel
547 4460 587 4519 ul
609 4454 680 4539 ejus
712 4454 754 4519 ab
789 4453 911 4519 eisdem
943 4455 1135 4541 simpliciter
1169 4456 1364 4522 divisionem
1395 4456 1505 4523 dolere
1517 4480 1528 4538 3

739 4769 745 4799 ¹
761 4770 932 4836 pertrectato]
951 4778 1083 4837 pertracto,
1095 4771 1195 4836 C.C.C.,
1205 4773 1256 4825 Ox.
