3500 5784
662 881 839 930 nrreroum.
1208 870 1270 934 391

229 1056 378 1124 dicerent
399 1058 505 1144 operis
528 1078 676 1124 sermone
699 1059 807 1144 “quia
828 1079 889 1124 nos
910 1058 1022 1124 lumen
1053 1057 1210 1123 habemus
1231 1059 1275 1126 od

228 1164 247 1196 “
268 1158 500 1226 illustrandum
522 1164 653 1236 terrem,
685 1182 751 1226 non
773 1167 823 1226 est
855 1166 951 1226 tuum
982 1160 1123 1246 amplius
1153 1167 1273 1226 terram

228 1267 247 1298 “
270 1261 479 1326 illuminare.”
524 1261 645 1327 Nonne
678 1267 840 1348 quantum
873 1263 910 1327 in
940 1263 1020 1348 ipsis
1052 1269 1145 1341 esset,
1177 1267 1274 1330 terrm

228 1364 438 1430 nascentibus
459 1364 711 1450 vegetationem,
735 1365 932 1430 animalibus
954 1366 1069 1444 vitam,
1104 1365 1274 1451 utriusque

228 1471 340 1532 nutem
377 1466 618 1532 incrementum
655 1465 836 1554 perfectum
875 1471 911 1534 et
948 1468 1273 1548 consummationem,

228 1567 398 1634 auferenti
442 1568 520 1634 Non
542 1569 653 1654 itaque
677 1571 734 1655 qui
766 1575 917 1656 respectu
948 1570 1089 1655 episcopi
1121 1570 1211 1636 lunoe
1240 1575 1275 1635 et
1287 1599 1322 1642 so.
1333 1591 1383 1645 too,
1395 1586 1428 1635 of

230 1671 393 1738 minorum
415 1672 626 1738 luminarium
649 1676 769 1759 gerunt
793 1673 1055 1752 similitudinem,
1078 1673 1149 1759 ejus
1171 1651 1426 1769 obsis-3335&

229 1779 305 1839 tant
326 1773 541 1855 irradiationi‚
568 1771 649 1839 hoo¹
674 1778 732 1852 est,
756 1775 930 1862 potestatis
952 1771 1142 1862 epiaoopnlie
1163 1733 1398 1848 minis-lishon,

230 1877 321 1944 teriis
343 1878 374 1944 ei
396 1877 650 1964 congruentibus
676 1878 716 1942 de
745 1877 821 1962 juro
843 1880 1016 1956 communi,
1048 1902 1090 1944 ne
1123 1901 1183 1965 per
1215 1878 1276 1944 hoc

230 1985 390 2066 quantum
412 1980 449 2044 in
470 1979 550 2066 ipsis
565 1984 624 2060 est,
649 1979 770 2066 seipsos
793 1985 827 2044 et
849 1981 1007 2067 populum
1021 1981 1100 2059 vita,
1117 1981 1276 2066 spirituli⁹

230 2083 438 2160 incremento,
461 2085 497 2146 et
518 2081 795 2150 consummatione
818 2081 854 2146 in
876 2082 972 2147 bonis
991 2083 1124 2169 privent
1146 2083 1276 2168 spirita·

230 2185 337 2264 libus3
369 2185 425 2249 sed
455 2185 559 2270 magde
593 2185 775 2270 gaudenter
805 2189 839 2248 et
872 2186 960 2272 grati
981 2186 1179 2273 permittant
1200 2207 1274 2250 eum

230 2287 330 2354 libere
363 2292 398 2353 et
430 2285 586 2352 inoffense
619 2285 793 2352 ministerii
820 2287 1010 2373 episcopalis
1043 2309 1173 2352 cursum
1205 2310 1277 2375 per-

229 2411 344 2477 agere;
366 2395 405 2454 ut
433 2389 706 2475 quemadmodum
729 2389 777 2453 sol
807 2390 954 2475 quolibet
987 2390 1040 2455 die
1070 2391 1214 2456 natmnli
1235 2391 1278 2456 ub

231 2492 367 2558 Oriente
381 2513 440 2578 per
454 2489 664 2557 Occidentem
679 2491 799 2556 iterum
815 2491 851 2556 in
873 2491 1043 2557 Orientem
1058 2497 1167 2558 totum
1182 2499 1279 2560 terrra

231 2594 394 2660 ambitum
428 2592 563 2672 circuit;
598 2599 632 2658 et
646 2593 794 2679 quolibet
817 2615 904 2658 anno
918 2595 961 2658 ab
983 2594 1133 2660 Australi
1154 2596 1278 2682 tropico

232 2719 290 2784 per
328 2695 625 2782 Septentrionalem
672 2696 792 2760 iterum
831 2696 866 2760 in
911 2696 1072 2762 Austrum
1110 2703 1280 2763 revertens

232 2800 420 2866 universam
457 2803 578 2864 terrum
616 2798 800 2886 perlustrat,
839 2797 889 2862 ita
923 2804 964 2863 ut
1008 2800 1044 2863 in
1088 2799 1279 2886 integritate

234 2903 311 2968 enni
334 2901 492 2988 plurimes
513 2905 609 2965 terrae
632 2905 742 2986 partes
764 2900 886 2988 pluries
908 2899 1129 2976 illustraverit,
1152 2901 1278 2966 nullam

236 3009 347 3070 autem
369 3009 466 3069 terrae
492 3005 621 3088 portem
649 3025 670 3066 a
703 3024 763 3066 sua
792 3003 967 3087 praeeentia
996 3007 1031 3067 et
1060 3003 1279 3070 illustratione

234 3128 371 3173 vacuom
395 3104 563 3182 dimiserit,
593 3126 692 3190 quam
724 3103 842 3169 saltem
864 3105 1041 3190 aliquando
1070 3106 1123 3172 eui
1144 3105 1279 3172 luminis

232 3209 390 3276 beneficio
425 3207 652 3274 confoverit³r
687 3207 738 3272 ita
770 3207 937 3293 epiecopus
959 3207 1121 3273 Samuelis
1142 3209 1278 3274 imitans

234 3311 382 3398 vestigia,
395 3333 459 3396 per
473 3309 626 3396 einpolos
640 3331 752 3376 anaor
774 3331 875 3375 morat
889 3308 1036 3376 circucat
1050 3311 1214 3376 dioecesim
1227 3312 1279 3378 ita
1292 3333 1304 3377 r
1319 3327 1386 3381 mn
1403 3326 1447 3378 vit

236 3415 419 3501 diligenter,
435 3418 475 3478 ut
489 3413 597 3500 plures
612 3417 722 3498 partes
736 3411 865 3498 pluries,
882 3411 1008 3477 nullam
1023 3418 1134 3478 autem
1149 3418 1276 3499 partem
1294 3401 1331 3447 ¹⁶·

236 3517 405 3604 reliquerit
419 3517 501 3602 quin
524 3515 639 3581 saltem
655 3515 762 3592 semel,
778 3536 837 3580 sua
858 3514 1034 3602 praesentio
1054 3515 1279 3583 illustraverit.

238 3622 374 3707 Propter
395 3620 480 3685 hanc
501 3619 614 3704 itaque
629 3617 880 3682 similitudinem
894 3617 1084 3704 episcopalis
1105 3617 1280 3685 ministerii
1393 3673 1397 3684 ,

237 3744 309 3788 cum
347 3743 444 3809 opere
481 3720 565 3798 solis,
593 3720 634 3785 de
671 3718 825 3805 spacio,
865 3718 964 3785 Onia
992 3719 1082 3804 filiu,
1119 3720 1281 3786 cacerdote
1294 3737 1393 3790 Ecelas
1406 3737 1422 3786 1.

236 3847 368 3910 magico,
396 3825 518 3889 dictum
546 3828 604 3901 est,
637 3821 725 3908 quod
746 3821 806 3886 illc
827 3820 928 3906 quoni
958 3820 1009 3887 eol
1038 3821 1213 3907 refulgere
1233 3823 1282 3889 ac'c
1298 3809 1354 3868 Ψ·

236 3927 371 4015 refulsit
396 3925 438 3991 irc
469 3924 591 4010 templo
615 3923 689 3989 Dei.
736 3923 782 3988 Et
813 3923 901 4008 quod
933 3929 985 3988 est
1017 3925 1177 4010 templum
1209 3925 1280 4004 Dei,

237 4031 301 4094 nisi
324 4027 531 4116 congregatio
553 4026 708 4104 fidelium,
733 4024 862 4094 dicente
884 4025 994 4105 Paulo,
1021 4026 1199 4111 Templum
1215 4027 1282 4092 Dei
1297 4039 1307 4084 1
1323 4030 1428 4085 Cor-ili

237 4139 395 4200 emortum
416 4137 471 4208 cat,
502 4129 591 4216 qaod
613 4127 690 4195 erite
723 4149 788 4194 cor.
833 4129 876 4193 In
908 4130 1156 4215 congregatione
1178 4129 1281 4215 igitur
1296 4102 1334 4153 ¹⁷·

237 4234 384 4300 fidelium
414 4233 477 4298 eibi
507 4232 684 4310 commissa,
718 4235 845 4317 oportet
875 4232 963 4316 quod
993 4233 1161 4318 episcopus
1197 4255 1280 4318 prae-

239 4338 360 4404 dictam
394 4335 470 4401 solis
506 4334 736 4422 refulgentiam
770 4333 927 4421 praedicto
960 4334 1055 4399 modo
1086 4335 1282 4400 circueundo

275 4683 455 4734 'irradiatione'
499 4682 555 4748 doc]
616 4679 737 4742 medicei,
819 4678 948 4732 ’OC-C.
961 4678 1052 4730 imru
1062 4677 1111 4728 red.

242 4759 329 4814 OOC.
821 4759 830 4787 ⁸
847 4757 992 4823 ronfhuerit]
1012 4757 1173 4822 compererit,
1186 4756 1278 4815 OOC.
