<?xml version="1.0" encoding="UTF-8"?>
<!DOCTYPE html PUBLIC "-//W3C//DTD XHTML 1.0 Transitional//EN"
    "http://www.w3.org/TR/xhtml1/DTD/xhtml1-transitional.dtd">
<html xmlns="http://www.w3.org/1999/xhtml" xml:lang="en" lang="en">
 <head>
  <title>
</title>
<meta http-equiv="Content-Type" content="text/html;charset=utf-8" />
  <meta name='ocr-system' content='tesseract 3.04.00' />
  <meta name='ocr-capabilities' content='ocr_page ocr_carea ocr_par ocr_line ocrx_word'/>
</head>
<body>
  <div class='ocr_page' id='page_1' title='image "./robertigrossete00luargoog_0209.png"; bbox 0 0 3500 5784; ppageno 0'>
   <div class='ocr_carea' id='block_1_1' title="bbox 473 900 1199 965">
    <p class='ocr_par' dir='ltr' id='par_1_1' title="bbox 473 900 1199 965">
     <span class='ocr_line' id='line_1_1' title="bbox 473 900 1199 965; baseline -0.007 0"><span class='ocrx_word' id='word_1_1' title='bbox 473 900 516 965; x_wconf 88' lang='grc'><strong>66</strong></span> <span class='ocrx_word' id='word_1_2' title='bbox 794 910 943 963; x_wconf 78' lang='lat' dir='ltr'><strong>coenem</strong></span> <span class='ocrx_word' id='word_1_3' title='bbox 967 908 1199 961; x_wconf 82' lang='lat' dir='ltr'><strong>ososssrnsrn</strong></span> 
     </span>
    </p>
   </div>
   <div class='ocr_carea' id='block_1_2' title="bbox 307 1086 1531 4150">
    <p class='ocr_par' dir='ltr' id='par_1_2' title="bbox 307 1086 1531 4150">
     <span class='ocr_line' id='line_1_2' title="bbox 474 1086 1522 1176; baseline -0.001 -23"><span class='ocrx_word' id='word_1_4' title='bbox 474 1088 539 1153; x_wconf 91' lang='lat' dir='ltr'><strong>illis</strong></span> <span class='ocrx_word' id='word_1_5' title='bbox 552 1086 731 1167; x_wconf 85' lang='lat' dir='ltr'><strong>volumus¹,</strong></span> <span class='ocrx_word' id='word_1_6' title='bbox 748 1088 834 1156; x_wconf 89' lang='lat' dir='ltr'><strong>siout</strong></span> <span class='ocrx_word' id='word_1_7' title='bbox 855 1093 891 1155; x_wconf 90' lang='lat' dir='ltr'><strong>ct</strong></span> <span class='ocrx_word' id='word_1_8' title='bbox 913 1110 972 1176; x_wconf 86' lang='lat' dir='ltr'><strong>pro</strong></span> <span class='ocrx_word' id='word_1_9' title='bbox 994 1086 1090 1154; x_wconf 88' lang='lat' dir='ltr'><strong>officii</strong></span> <span class='ocrx_word' id='word_1_10' title='bbox 1111 1089 1216 1153; x_wconf 87' lang='lat' dir='ltr'><strong>nostri</strong></span> <span class='ocrx_word' id='word_1_11' title='bbox 1231 1088 1343 1153; x_wconf 78' lang='lat' dir='ltr'><strong>debito</strong></span> <span class='ocrx_word' id='word_1_12' title='bbox 1359 1086 1522 1165; x_wconf 86' lang='lat' dir='ltr'><strong>debemus,</strong></span> 
     </span>
     <span class='ocr_line' id='line_1_3' title="bbox 474 1190 1525 1278; baseline -0.003 -21"><span class='ocrx_word' id='word_1_13' title='bbox 474 1191 603 1257; x_wconf 87' lang='lat' dir='ltr'><strong>eosdem</strong></span> <span class='ocrx_word' id='word_1_14' title='bbox 641 1190 669 1255; x_wconf 87' lang='lat' dir='ltr'><strong>si</strong></span> <span class='ocrx_word' id='word_1_15' title='bbox 706 1190 804 1257; x_wconf 82' lang='lat' dir='ltr'><strong>aliter</strong></span> <span class='ocrx_word' id='word_1_16' title='bbox 840 1191 883 1256; x_wconf 84' lang='lat' dir='ltr'><strong>sb</strong></span> <span class='ocrx_word' id='word_1_17' title='bbox 922 1190 1043 1257; x_wconf 90' lang='lat' dir='ltr'><strong>eisdem</strong></span> <span class='ocrx_word' id='word_1_18' title='bbox 1079 1196 1298 1278; x_wconf 70' lang='lat' dir='ltr'><strong>praesumatur</strong></span> <span class='ocrx_word' id='word_1_19' title='bbox 1329 1190 1525 1278; x_wconf 79' lang='lat' dir='ltr'>compellere.</span> 
     </span>
     <span class='ocr_line' id='line_1_4' title="bbox 478 1293 1525 1371; baseline 0 -12"><span class='ocrx_word' id='word_1_20' title='bbox 478 1294 716 1360; x_wconf 76' lang='lat' dir='ltr'><strong>Verumtamen</strong></span> <span class='ocrx_word' id='word_1_21' title='bbox 737 1294 957 1361; x_wconf 86' lang='lat' dir='ltr'><strong>certissimum</strong></span> <span class='ocrx_word' id='word_1_22' title='bbox 978 1293 1075 1360; x_wconf 87' lang='lat' dir='ltr'><strong>debet</strong></span> <span class='ocrx_word' id='word_1_23' title='bbox 1098 1316 1166 1359; x_wconf 88' lang='lat' dir='ltr'><strong>esse</strong></span> <span class='ocrx_word' id='word_1_24' title='bbox 1189 1294 1375 1360; x_wconf 83' lang='lat' dir='ltr'><strong>discretioni</strong></span> <span class='ocrx_word' id='word_1_25' title='bbox 1399 1298 1525 1371; x_wconf 85' lang='lat' dir='ltr'><strong>vestroe,</strong></span> 
     </span>
     <span class='ocr_line' id='line_1_5' title="bbox 476 1396 1525 1483; baseline -0.001 -21"><span class='ocrx_word' id='word_1_26' title='bbox 476 1396 566 1483; x_wconf 90' lang='lat' dir='ltr'><strong>quod</strong></span> <span class='ocrx_word' id='word_1_27' title='bbox 587 1396 730 1464; x_wconf 85' lang='lat' dir='ltr'><strong>ecclosiae</strong></span> <span class='ocrx_word' id='word_1_28' title='bbox 753 1398 846 1463; x_wconf 81' lang='lat' dir='ltr'><strong>detio</strong></span> <span class='ocrx_word' id='word_1_29' title='bbox 877 1396 920 1461; x_wconf 84' lang='lat' dir='ltr'><strong>od</strong></span> <span class='ocrx_word' id='word_1_30' title='bbox 943 1397 1071 1463; x_wconf 80' lang='lat' dir='ltr'><strong>firmem</strong></span> <span class='ocrx_word' id='word_1_31' title='bbox 1094 1418 1160 1464; x_wconf 89' lang='lat' dir='ltr'><strong>non</strong></span> <span class='ocrx_word' id='word_1_32' title='bbox 1183 1402 1233 1463; x_wconf 89' lang='lat' dir='ltr'><strong>est</strong></span> <span class='ocrx_word' id='word_1_33' title='bbox 1255 1397 1401 1483; x_wconf 68' lang='lat' dir='ltr'><strong>ejsudem</strong></span> <span class='ocrx_word' id='word_1_34' title='bbox 1423 1396 1525 1461; x_wconf 83' lang='lat' dir='ltr'><strong>libem</strong></span> 
     </span>
     <span class='ocr_line' id='line_1_6' title="bbox 476 1499 1525 1589; baseline 0 -24"><span class='ocrx_word' id='word_1_35' title='bbox 476 1499 655 1587; x_wconf 89' lang='lat' dir='ltr'><strong>dispositio,</strong></span> <span class='ocrx_word' id='word_1_36' title='bbox 690 1501 748 1566; x_wconf 87' lang='lat' dir='ltr'><strong>sed</strong></span> <span class='ocrx_word' id='word_1_37' title='bbox 781 1505 832 1566; x_wconf 89' lang='lat' dir='ltr'><strong>est</strong></span> <span class='ocrx_word' id='word_1_38' title='bbox 864 1500 976 1587; x_wconf 89' lang='lat' dir='ltr'><strong>potius</strong></span> <span class='ocrx_word' id='word_1_39' title='bbox 1010 1506 1044 1567; x_wconf 89' lang='lat' dir='ltr'><strong>et</strong></span> <span class='ocrx_word' id='word_1_40' title='bbox 1077 1502 1224 1567; x_wconf 80' lang='lat' dir='ltr'><strong>veracius</strong></span> <span class='ocrx_word' id='word_1_41' title='bbox 1256 1500 1368 1567; x_wconf 70' lang='lat' dir='ltr'><strong>liberto</strong></span> <span class='ocrx_word' id='word_1_42' title='bbox 1400 1520 1525 1589; x_wconf 81' lang='lat' dir='ltr'><strong>sponsos</strong></span> 
     </span>
     <span class='ocr_line' id='line_1_7' title="bbox 307 1600 1526 1691; baseline 0.001 -26"><span class='ocrx_word' id='word_1_43' title='bbox 307 1601 559 1691; x_wconf 70' lang='lat' dir='ltr'><strong>concimx-Jesu</strong></span> <span class='ocrx_word' id='word_1_44' title='bbox 582 1602 707 1669; x_wconf 86' lang='lat' dir='ltr'><strong>Christi</strong></span> <span class='ocrx_word' id='word_1_45' title='bbox 736 1604 772 1668; x_wconf 93' lang='lat' dir='ltr'><strong>in</strong></span> <span class='ocrx_word' id='word_1_46' title='bbox 801 1603 953 1669; x_wconf 87' lang='lat' dir='ltr'><strong>servilem</strong></span> <span class='ocrx_word' id='word_1_47' title='bbox 984 1603 1205 1669; x_wconf 89' lang='lat' dir='ltr'><strong>conditionem</strong></span> <span class='ocrx_word' id='word_1_48' title='bbox 1238 1602 1391 1683; x_wconf 84' lang='lat' dir='ltr'><strong>redactio,</strong></span> <span class='ocrx_word' id='word_1_49' title='bbox 1429 1600 1526 1667; x_wconf 89' lang='lat' dir='ltr'><strong>“nisi</strong></span> 
     </span>
     <span class='ocr_line' id='line_1_8' title="bbox 309 1695 1526 1797; baseline -0.002 -25"><span class='ocrx_word' id='word_1_50' title='bbox 309 1695 465 1797; x_wconf 42' lang='lat' dir='ltr'><strong>diffisi.</strong></span> <span class='ocrx_word' id='word_1_51' title='bbox 479 1714 498 1742; x_wconf 88' lang='lat'>“</span> <span class='ocrx_word' id='word_1_52' title='bbox 519 1705 634 1786; x_wconf 87' lang='lat' dir='ltr'><strong>forto,”</strong></span> <span class='ocrx_word' id='word_1_53' title='bbox 656 1706 741 1771; x_wconf 89' lang='lat' dir='ltr'><strong>siout</strong></span> <span class='ocrx_word' id='word_1_54' title='bbox 756 1706 944 1771; x_wconf 73' lang='lat' dir='ltr'><strong>continetur</strong></span> <span class='ocrx_word' id='word_1_55' title='bbox 962 1706 1000 1770; x_wconf 94' lang='lat' dir='ltr'><strong>in</strong></span> <span class='ocrx_word' id='word_1_56' title='bbox 1015 1705 1162 1771; x_wconf 78' lang='lat' dir='ltr'><strong>Concilio</strong></span> <span class='ocrx_word' id='word_1_57' title='bbox 1182 1704 1385 1793; x_wconf 78' lang='lat' dir='ltr'><strong>provinciali,</strong></span> <span class='ocrx_word' id='word_1_58' title='bbox 1409 1712 1427 1741; x_wconf 88' lang='lat'><strong>“</strong></span> <span class='ocrx_word' id='word_1_59' title='bbox 1434 1705 1526 1791; x_wconf 84' lang='lat' dir='ltr'><strong>justo</strong></span> 
     </span>
     <span class='ocr_line' id='line_1_9' title="bbox 307 1807 1525 1930; baseline -0.006 -54"><span class='ocrx_word' id='word_1_60' title='bbox 307 1814 465 1930; x_wconf 45' lang='lat' dir='ltr'><strong>&amp;ffimyt</strong></span> <span class='ocrx_word' id='word_1_61' title='bbox 480 1815 499 1845; x_wconf 90' lang='lat'><strong><em>“</em></strong></span> <span class='ocrx_word' id='word_1_62' title='bbox 519 1830 619 1875; x_wconf 74' lang='lat' dir='ltr'><strong>causo</strong></span> <span class='ocrx_word' id='word_1_63' title='bbox 633 1808 803 1887; x_wconf 89' lang='lat' dir='ltr'><strong>subfuerit,</strong></span> <span class='ocrx_word' id='word_1_64' title='bbox 823 1815 857 1875; x_wconf 91' lang='lat' dir='ltr'><strong>et</strong></span> <span class='ocrx_word' id='word_1_65' title='bbox 871 1809 915 1874; x_wconf 85' lang='lat' dir='ltr'><strong>ob</strong></span> <span class='ocrx_word' id='word_1_66' title='bbox 932 1809 1080 1897; x_wconf 89' lang='lat' dir='ltr'><strong>episcopo</strong></span> <span class='ocrx_word' id='word_1_67' title='bbox 1094 1809 1157 1875; x_wconf 94' lang='lat' dir='ltr'><strong>looi</strong></span> <span class='ocrx_word' id='word_1_68' title='bbox 1173 1807 1362 1896; x_wconf 80' lang='lat' dir='ltr'><strong>approbate,</strong></span> <span class='ocrx_word' id='word_1_69' title='bbox 1377 1813 1412 1874; x_wconf 90' lang='lat' dir='ltr'><strong>ot</strong></span> <span class='ocrx_word' id='word_1_70' title='bbox 1427 1807 1525 1873; x_wconf 83' lang='lat' dir='ltr'><strong>elicui</strong></span> 
     </span>
     <span class='ocr_line' id='line_1_10' title="bbox 308 1896 1525 2012; baseline -0.003 -33"><span class='ocrx_word' id='word_1_71' title='bbox 308 1896 449 2012; x_wconf 47' lang='lat'><strong>1,‚59}¹,¹⁸¹‘</strong></span> <span class='ocrx_word' id='word_1_72' title='bbox 478 1918 497 1949; x_wconf 82' lang='grc'><strong>“</strong></span> <span class='ocrx_word' id='word_1_73' title='bbox 518 1914 664 1979; x_wconf 82' lang='lat' dir='ltr'><strong>honestae</strong></span> <span class='ocrx_word' id='word_1_74' title='bbox 686 1916 722 1977; x_wconf 86' lang='lat' dir='ltr'><strong>et</strong></span> <span class='ocrx_word' id='word_1_75' title='bbox 744 1911 905 1977; x_wconf 62' lang='lat' dir='ltr'><strong>ordinatae</strong></span> <span class='ocrx_word' id='word_1_76' title='bbox 928 1932 1074 1997; x_wconf 73' lang='lat' dir='ltr'><strong>personas</strong></span> <span class='ocrx_word' id='word_1_77' title='bbox 1090 1911 1188 1978; x_wconf 86' lang='lat' dir='ltr'><strong>detur</strong></span> <span class='ocrx_word' id='word_1_78' title='bbox 1202 1911 1245 1977; x_wconf 86' lang='lat' dir='ltr'><strong>od</strong></span> <span class='ocrx_word' id='word_1_79' title='bbox 1260 1912 1389 1977; x_wconf 80' lang='lat' dir='ltr'><strong>firmem</strong></span> <span class='ocrx_word' id='word_1_80' title='bbox 1405 1911 1525 1997; x_wconf 89' lang='lat' dir='ltr'><strong>dequo</strong></span> 
     </span>
     <span class='ocr_line' id='line_1_11' title="bbox 478 2012 1527 2101; baseline -0.006 -20"><span class='ocrx_word' id='word_1_81' title='bbox 478 2021 496 2051; x_wconf 81' lang='lat'><strong>‘⁴</strong></span> <span class='ocrx_word' id='word_1_82' title='bbox 519 2014 696 2081; x_wconf 88' lang='lat' dir='ltr'><strong>verisimile</strong></span> <span class='ocrx_word' id='word_1_83' title='bbox 717 2015 870 2101; x_wconf 77' lang='lat' dir='ltr'><strong>prmsumi</strong></span> <span class='ocrx_word' id='word_1_84' title='bbox 894 2014 1011 2079; x_wconf 81' lang='lat' dir='ltr'><strong>debeat</strong></span> <span class='ocrx_word' id='word_1_85' title='bbox 1042 2012 1130 2100; x_wconf 90' lang='lat' dir='ltr'><strong>quod</strong></span> <span class='ocrx_word' id='word_1_86' title='bbox 1161 2014 1287 2081; x_wconf 83' lang='lat' dir='ltr'><strong>fructus</strong></span> <span class='ocrx_word' id='word_1_87' title='bbox 1321 2013 1460 2080; x_wconf 85' lang='lat' dir='ltr'><strong>ccclesiae</strong></span> <span class='ocrx_word' id='word_1_88' title='bbox 1490 2013 1527 2077; x_wconf 92' lang='lat' dir='ltr'><strong>in</strong></span> 
     </span>
     <span class='ocr_line' id='line_1_12' title="bbox 478 2114 1528 2195; baseline -0.005 -11"><span class='ocrx_word' id='word_1_89' title='bbox 478 2126 496 2153; x_wconf 85' lang='lat'><em>“</em></span> <span class='ocrx_word' id='word_1_90' title='bbox 517 2118 621 2184; x_wconf 88' lang='lat' dir='ltr'><strong>bonos</strong></span> <span class='ocrx_word' id='word_1_91' title='bbox 642 2138 722 2183; x_wconf 74' lang='lat' dir='ltr'><strong>risus</strong></span> <span class='ocrx_word' id='word_1_92' title='bbox 743 2118 916 2183; x_wconf 84' lang='lat' dir='ltr'><strong>convertet</strong></span> <span class='ocrx_word' id='word_1_93' title='bbox 928 2114 964 2195; x_wconf 89' lang='lat'><strong>;”</strong></span> <span class='ocrx_word' id='word_1_94' title='bbox 987 2120 1021 2181; x_wconf 87' lang='lat' dir='ltr'><strong>et</strong></span> <span class='ocrx_word' id='word_1_95' title='bbox 1041 2136 1214 2183; x_wconf 86' lang='lat' dir='ltr'><strong>consensus</strong></span> <span class='ocrx_word' id='word_1_96' title='bbox 1230 2115 1404 2183; x_wconf 71' lang='lat' dir='ltr'><strong>dioecesani</strong></span> <span class='ocrx_word' id='word_1_97' title='bbox 1426 2116 1528 2180; x_wconf 85' lang='lat' dir='ltr'><strong>inter·</strong></span> 
     </span>
     <span class='ocr_line' id='line_1_13' title="bbox 477 2217 1528 2303; baseline -0.002 -17"><span class='ocrx_word' id='word_1_98' title='bbox 477 2222 592 2286; x_wconf 83' lang='lat' dir='ltr'><strong>veniet</strong></span> <span class='ocrx_word' id='word_1_99' title='bbox 602 2220 623 2288; x_wconf 82' lang='lat'><strong>⁹.</strong></span> <span class='ocrx_word' id='word_1_100' title='bbox 669 2218 741 2284; x_wconf 90' lang='lat' dir='ltr'><strong>Nec</strong></span> <span class='ocrx_word' id='word_1_101' title='bbox 764 2217 862 2283; x_wconf 86' lang='lat' dir='ltr'><strong>debet</strong></span> <span class='ocrx_word' id='word_1_102' title='bbox 892 2218 1094 2283; x_wconf 82' lang='lat' dir='ltr'><strong>dioecesanus</strong></span> <span class='ocrx_word' id='word_1_103' title='bbox 1124 2240 1220 2283; x_wconf 89' lang='lat' dir='ltr'><strong>suum</strong></span> <span class='ocrx_word' id='word_1_104' title='bbox 1251 2238 1418 2284; x_wconf 84' lang='lat' dir='ltr'><strong>assensum</strong></span> <span class='ocrx_word' id='word_1_105' title='bbox 1446 2239 1528 2303; x_wconf 85' lang='lat' dir='ltr'><strong>prae·</strong></span> 
     </span>
     <span class='ocr_line' id='line_1_14' title="bbox 474 2319 1526 2407; baseline -0.005 -19"><span class='ocrx_word' id='word_1_106' title='bbox 474 2320 581 2400; x_wconf 68' lang='lat' dir='ltr'><strong>bem&#39;,</strong></span> <span class='ocrx_word' id='word_1_107' title='bbox 614 2320 675 2387; x_wconf 92' lang='lat' dir='ltr'><strong>ubi</strong></span> <span class='ocrx_word' id='word_1_108' title='bbox 705 2325 835 2386; x_wconf 80' lang='lat' dir='ltr'><strong>constat</strong></span> <span class='ocrx_word' id='word_1_109' title='bbox 856 2320 993 2385; x_wconf 76' lang='lat' dir='ltr'><strong>ultorem</strong></span> <span class='ocrx_word' id='word_1_110' title='bbox 1017 2320 1071 2385; x_wconf 91' lang='lat' dir='ltr'><strong>vel</strong></span> <span class='ocrx_word' id='word_1_111' title='bbox 1093 2325 1266 2407; x_wconf 85' lang='lat' dir='ltr'><strong>utramque</strong></span> <span class='ocrx_word' id='word_1_112' title='bbox 1302 2319 1526 2385; x_wconf 88' lang='lat' dir='ltr'><strong>conditionum</strong></span> 
     </span>
     <span class='ocr_line' id='line_1_15' title="bbox 475 2420 1527 2511; baseline -0.005 -21"><span class='ocrx_word' id='word_1_113' title='bbox 475 2426 677 2511; x_wconf 84' lang='lat' dir='ltr'><strong>reliquorum</strong></span> <span class='ocrx_word' id='word_1_114' title='bbox 691 2424 729 2488; x_wconf 90' lang='lat' dir='ltr'><strong>in</strong></span> <span class='ocrx_word' id='word_1_115' title='bbox 745 2422 892 2489; x_wconf 81' lang='lat' dir='ltr'><strong>Concilio</strong></span> <span class='ocrx_word' id='word_1_116' title='bbox 907 2426 1136 2488; x_wconf 82' lang='lat' dir='ltr'><strong>contentarum</strong></span> <span class='ocrx_word' id='word_1_117' title='bbox 1159 2444 1225 2487; x_wconf 90' lang='lat' dir='ltr'><strong>non</strong></span> <span class='ocrx_word' id='word_1_118' title='bbox 1248 2420 1384 2489; x_wconf 87' lang='lat' dir='ltr'><strong>subesse.</strong></span> <span class='ocrx_word' id='word_1_119' title='bbox 1432 2420 1527 2501; x_wconf 80' lang='lat' dir='ltr'><strong>Quod</strong></span> 
     </span>
     <span class='ocr_line' id='line_1_16' title="bbox 475 2522 1525 2612; baseline -0.007 -19"><span class='ocrx_word' id='word_1_120' title='bbox 475 2532 587 2593; x_wconf 87' lang='lat' dir='ltr'><strong>antem</strong></span> <span class='ocrx_word' id='word_1_121' title='bbox 610 2548 652 2591; x_wconf 83' lang='lat' dir='ltr'><strong>ex</strong></span> <span class='ocrx_word' id='word_1_122' title='bbox 674 2530 767 2612; x_wconf 83' lang='lat' dir='ltr'><strong>perte</strong></span> <span class='ocrx_word' id='word_1_123' title='bbox 789 2529 901 2589; x_wconf 82' lang='lat' dir='ltr'><strong>vostra</strong></span> <span class='ocrx_word' id='word_1_124' title='bbox 931 2524 975 2589; x_wconf 89' lang='lat' dir='ltr'><strong>sit</strong></span> <span class='ocrx_word' id='word_1_125' title='bbox 1005 2524 1097 2609; x_wconf 82' lang='lat' dir='ltr'><strong>juste</strong></span> <span class='ocrx_word' id='word_1_126' title='bbox 1119 2546 1215 2589; x_wconf 82' lang='lat' dir='ltr'><strong>causo</strong></span> <span class='ocrx_word' id='word_1_127' title='bbox 1238 2524 1338 2589; x_wconf 76' lang='lat' dir='ltr'><strong>dandi</strong></span> <span class='ocrx_word' id='word_1_128' title='bbox 1361 2522 1525 2589; x_wconf 77' lang='lat' dir='ltr'><strong>ecclesium</strong></span> 
     </span>
     <span class='ocr_line' id='line_1_17' title="bbox 475 2626 1526 2714; baseline -0.004 -20"><span class='ocrx_word' id='word_1_129' title='bbox 475 2633 619 2695; x_wconf 87' lang='lat' dir='ltr'><strong>vestram</strong></span> <span class='ocrx_word' id='word_1_130' title='bbox 665 2628 708 2692; x_wconf 83' lang='lat' dir='ltr'><strong>ed</strong></span> <span class='ocrx_word' id='word_1_131' title='bbox 738 2628 878 2707; x_wconf 87' lang='lat' dir='ltr'><strong>firmam,</strong></span> <span class='ocrx_word' id='word_1_132' title='bbox 912 2628 1097 2713; x_wconf 74' lang='lat' dir='ltr'><strong>excogitare</strong></span> <span class='ocrx_word' id='word_1_133' title='bbox 1138 2648 1205 2691; x_wconf 90' lang='lat' dir='ltr'><strong>non</strong></span> <span class='ocrx_word' id='word_1_134' title='bbox 1236 2648 1415 2714; x_wconf 84' lang='lat' dir='ltr'><strong>possumus,</strong></span> <span class='ocrx_word' id='word_1_135' title='bbox 1448 2626 1526 2711; x_wconf 87' lang='lat' dir='ltr'><strong>quio</strong></span> 
     </span>
     <span class='ocr_line' id='line_1_18' title="bbox 474 2727 1525 2798; baseline -0.007 0"><span class='ocrx_word' id='word_1_136' title='bbox 474 2732 649 2798; x_wconf 78' lang='lat' dir='ltr'><strong>necessitas</strong></span> <span class='ocrx_word' id='word_1_137' title='bbox 670 2728 858 2796; x_wconf 89' lang='lat' dir='ltr'><strong>residendi⁴</strong></span> <span class='ocrx_word' id='word_1_138' title='bbox 889 2727 969 2794; x_wconf 82' lang='lat' dir='ltr'><strong>olibi</strong></span> <span class='ocrx_word' id='word_1_139' title='bbox 992 2751 1058 2793; x_wconf 91' lang='lat' dir='ltr'><strong>non</strong></span> <span class='ocrx_word' id='word_1_140' title='bbox 1083 2729 1190 2794; x_wconf 80' lang='lat' dir='ltr'><strong>aufert</strong></span> <span class='ocrx_word' id='word_1_141' title='bbox 1211 2730 1305 2794; x_wconf 87' lang='lat' dir='ltr'><strong>vobis</strong></span> <span class='ocrx_word' id='word_1_142' title='bbox 1336 2728 1525 2793; x_wconf 82' lang='lat' dir='ltr'><strong>facultatem</strong></span> 
     </span>
     <span class='ocr_line' id='line_1_19' title="bbox 476 2830 1526 2922; baseline -0.005 -24"><span class='ocrx_word' id='word_1_143' title='bbox 476 2834 648 2922; x_wconf 85' lang='lat' dir='ltr'><strong>prudentis</strong></span> <span class='ocrx_word' id='word_1_144' title='bbox 682 2837 717 2898; x_wconf 86' lang='lat' dir='ltr'><strong>et</strong></span> <span class='ocrx_word' id='word_1_145' title='bbox 747 2830 853 2896; x_wconf 91' lang='lat' dir='ltr'><strong>fidelis</strong></span> <span class='ocrx_word' id='word_1_146' title='bbox 886 2832 1054 2909; x_wconf 87' lang='lat' dir='ltr'><strong>oeconomi,</strong></span> <span class='ocrx_word' id='word_1_147' title='bbox 1087 2852 1146 2895; x_wconf 92' lang='lat' dir='ltr'><strong>neo</strong></span> <span class='ocrx_word' id='word_1_148' title='bbox 1178 2834 1256 2896; x_wconf 87' lang='lat' dir='ltr'><strong>sunt</strong></span> <span class='ocrx_word' id='word_1_149' title='bbox 1288 2830 1351 2896; x_wconf 90' lang='lat' dir='ltr'><strong>viri</strong></span> <span class='ocrx_word' id='word_1_150' title='bbox 1382 2830 1526 2916; x_wconf 85' lang='lat' dir='ltr'><strong>religiosi</strong></span> 
     </span>
     <span class='ocr_line' id='line_1_20' title="bbox 476 2933 1527 3023; baseline -0.007 -20"><span class='ocrx_word' id='word_1_151' title='bbox 476 2935 718 3023; x_wconf 80' lang='lat' dir='ltr'><strong>interpretandi</strong></span> <span class='ocrx_word' id='word_1_152' title='bbox 751 2956 819 3000; x_wconf 86' lang='lat' dir='ltr'><strong>nne</strong></span> <span class='ocrx_word' id='word_1_153' title='bbox 850 2953 989 3020; x_wconf 86' lang='lat' dir='ltr'><strong>persono</strong></span> <span class='ocrx_word' id='word_1_154' title='bbox 1019 2934 1157 2999; x_wconf 85' lang='lat' dir='ltr'><strong>honesto</strong></span> <span class='ocrx_word' id='word_1_155' title='bbox 1178 2944 1213 3001; x_wconf 88' lang='lat' dir='ltr'><strong>et</strong></span> <span class='ocrx_word' id='word_1_156' title='bbox 1236 2933 1393 3011; x_wconf 79' lang='lat' dir='ltr'><strong>ordinato,</strong></span> <span class='ocrx_word' id='word_1_157' title='bbox 1418 2934 1527 2999; x_wconf 82' lang='lat' dir='ltr'><strong>uteie</strong></span> 
     </span>
     <span class='ocr_line' id='line_1_21' title="bbox 476 3035 1526 3127; baseline -0.006 -22"><span class='ocrx_word' id='word_1_158' title='bbox 476 3041 578 3127; x_wconf 78' lang='lat' dir='ltr'><strong>pomit</strong></span> <span class='ocrx_word' id='word_1_159' title='bbox 601 3037 690 3105; x_wconf 84' lang='lat' dir='ltr'><strong>trodi</strong></span> <span class='ocrx_word' id='word_1_160' title='bbox 718 3038 815 3103; x_wconf 83' lang='lat' dir='ltr'><strong>firme</strong></span> <span class='ocrx_word' id='word_1_161' title='bbox 836 3036 987 3114; x_wconf 64' lang='lat' dir='ltr'><strong>ecclesiis,</strong></span> <span class='ocrx_word' id='word_1_162' title='bbox 1011 3037 1188 3103; x_wconf 87' lang='lat' dir='ltr'><strong>secundum</strong></span> <span class='ocrx_word' id='word_1_163' title='bbox 1218 3036 1355 3103; x_wconf 84' lang='lat' dir='ltr'><strong>formum</strong></span> <span class='ocrx_word' id='word_1_164' title='bbox 1380 3035 1526 3102; x_wconf 79' lang='lat' dir='ltr'><strong>Consilii.</strong></span> 
     </span>
     <span class='ocr_line' id='line_1_22' title="bbox 476 3138 1527 3225; baseline -0.005 -17"><span class='ocrx_word' id='word_1_165' title='bbox 476 3141 641 3208; x_wconf 73' lang='lat' dir='ltr'><strong>Przetereo</strong></span> <span class='ocrx_word' id='word_1_166' title='bbox 663 3139 728 3206; x_wconf 86' lang='lat' dir='ltr'><strong>viri</strong></span> <span class='ocrx_word' id='word_1_167' title='bbox 764 3138 907 3225; x_wconf 86' lang='lat' dir='ltr'><strong>religiosi</strong></span> <span class='ocrx_word' id='word_1_168' title='bbox 938 3159 996 3225; x_wconf 88' lang='lat' dir='ltr'><strong>per</strong></span> <span class='ocrx_word' id='word_1_169' title='bbox 1032 3139 1142 3205; x_wconf 83' lang='lat' dir='ltr'><strong>omnio</strong></span> <span class='ocrx_word' id='word_1_170' title='bbox 1174 3161 1271 3225; x_wconf 84' lang='lat' dir='ltr'><strong>opere</strong></span> <span class='ocrx_word' id='word_1_171' title='bbox 1308 3162 1368 3205; x_wconf 85' lang='lat' dir='ltr'><strong>suo</strong></span> <span class='ocrx_word' id='word_1_172' title='bbox 1405 3140 1527 3205; x_wconf 88' lang='lat' dir='ltr'><strong>debent</strong></span> 
     </span>
     <span class='ocr_line' id='line_1_23' title="bbox 477 3240 1526 3329; baseline -0.003 -20"><span class='ocrx_word' id='word_1_173' title='bbox 477 3243 594 3310; x_wconf 89' lang='lat' dir='ltr'><strong>mundi</strong></span> <span class='ocrx_word' id='word_1_174' title='bbox 618 3246 844 3327; x_wconf 82' lang='lat' dir='ltr'><strong>contemptum</strong></span> <span class='ocrx_word' id='word_1_175' title='bbox 866 3240 1062 3327; x_wconf 80' lang='lat' dir='ltr'><strong>proedicore3</strong></span> <span class='ocrx_word' id='word_1_176' title='bbox 1085 3264 1158 3307; x_wconf 91' lang='lat' dir='ltr'><strong>cum</strong></span> <span class='ocrx_word' id='word_1_177' title='bbox 1181 3264 1239 3329; x_wconf 88' lang='lat' dir='ltr'><strong>per</strong></span> <span class='ocrx_word' id='word_1_178' title='bbox 1260 3242 1372 3308; x_wconf 83' lang='lat' dir='ltr'><strong>firmes</strong></span> <span class='ocrx_word' id='word_1_179' title='bbox 1395 3242 1526 3309; x_wconf 87' lang='lat' dir='ltr'><strong>eviden-</strong></span> 
     </span>
     <span class='ocr_line' id='line_1_24' title="bbox 477 3344 1528 3435; baseline -0.002 -23"><span class='ocrx_word' id='word_1_180' title='bbox 477 3352 530 3412; x_wconf 87' lang='lat' dir='ltr'><strong>ter</strong></span> <span class='ocrx_word' id='word_1_181' title='bbox 568 3346 748 3435; x_wconf 81' lang='lat' dir='ltr'><strong>prmdioent</strong></span> <span class='ocrx_word' id='word_1_182' title='bbox 779 3344 987 3421; x_wconf 80' lang='lat' dir='ltr'><strong>contrarium,</strong></span> <span class='ocrx_word' id='word_1_183' title='bbox 1023 3344 1059 3408; x_wconf 93' lang='lat' dir='ltr'><strong>in</strong></span> <span class='ocrx_word' id='word_1_184' title='bbox 1096 3366 1252 3431; x_wconf 79' lang='lat' dir='ltr'><strong>magnum</strong></span> <span class='ocrx_word' id='word_1_185' title='bbox 1290 3345 1457 3431; x_wconf 85' lang='lat' dir='ltr'><strong>religionis</strong></span> <span class='ocrx_word' id='word_1_186' title='bbox 1494 3350 1528 3410; x_wconf 91' lang='lat' dir='ltr'><strong>et</strong></span> 
     </span>
     <span class='ocr_line' id='line_1_25' title="bbox 479 3444 1529 3534; baseline -0.003 -20"><span class='ocrx_word' id='word_1_187' title='bbox 479 3451 663 3515; x_wconf 83' lang='lat' dir='ltr'><strong>animorum</strong></span> <span class='ocrx_word' id='word_1_188' title='bbox 701 3447 884 3511; x_wconf 78' lang='lat' dir='ltr'><strong>multorum</strong></span> <span class='ocrx_word' id='word_1_189' title='bbox 921 3444 1123 3532; x_wconf 83' lang='lat' dir='ltr'><strong>periculum⁵</strong></span> <span class='ocrx_word' id='word_1_190' title='bbox 1160 3452 1195 3512; x_wconf 88' lang='lat' dir='ltr'><strong>et</strong></span> <span class='ocrx_word' id='word_1_191' title='bbox 1246 3470 1345 3534; x_wconf 83' lang='lat' dir='ltr'><strong>grove</strong></span> <span class='ocrx_word' id='word_1_192' title='bbox 1399 3447 1529 3534; x_wconf 88' lang='lat' dir='ltr'><strong>dispen-</strong></span> 
     </span>
     <span class='ocr_line' id='line_1_26' title="bbox 479 3548 1529 3637; baseline -0.001 -19"><span class='ocrx_word' id='word_1_193' title='bbox 479 3553 580 3618; x_wconf 91' lang='lat' dir='ltr'><strong>dium.</strong></span> <span class='ocrx_word' id='word_1_194' title='bbox 626 3550 663 3616; x_wconf 80' lang='lat' dir='ltr'><strong>si</strong></span> <span class='ocrx_word' id='word_1_195' title='bbox 694 3549 798 3637; x_wconf 85' lang='lat' dir='ltr'><strong>igitur</strong></span> <span class='ocrx_word' id='word_1_196' title='bbox 831 3548 893 3614; x_wconf 86' lang='lat' dir='ltr'><strong>toli</strong></span> <span class='ocrx_word' id='word_1_197' title='bbox 923 3549 1026 3615; x_wconf 73' lang='lat' dir='ltr'><strong>firmes</strong></span> <span class='ocrx_word' id='word_1_198' title='bbox 1060 3551 1324 3629; x_wconf 88' lang='lat' dir='ltr'><strong>consentiremus,</strong></span> <span class='ocrx_word' id='word_1_199' title='bbox 1358 3551 1529 3617; x_wconf 82' lang='lat' dir='ltr'><strong>rnenifcste</strong></span> 
     </span>
     <span class='ocr_line' id='line_1_27' title="bbox 480 3651 1530 3740; baseline -0.005 -18"><span class='ocrx_word' id='word_1_200' title='bbox 480 3656 683 3721; x_wconf 80' lang='lat' dir='ltr'><strong>insumemus</strong></span> <span class='ocrx_word' id='word_1_201' title='bbox 715 3652 837 3717; x_wconf 88' lang='lat' dir='ltr'><strong>vitium</strong></span> <span class='ocrx_word' id='word_1_202' title='bbox 870 3651 1110 3730; x_wconf 80' lang='lat' dir='ltr'><strong>inobedientim,</strong></span> <span class='ocrx_word' id='word_1_203' title='bbox 1142 3658 1274 3740; x_wconf 81' lang='lat' dir='ltr'><strong>egentes</strong></span> <span class='ocrx_word' id='word_1_204' title='bbox 1306 3657 1420 3720; x_wconf 83' lang='lat' dir='ltr'><strong>contre</strong></span> <span class='ocrx_word' id='word_1_205' title='bbox 1444 3654 1530 3719; x_wconf 90' lang='lat' dir='ltr'><strong>Con-</strong></span> 
     </span>
     <span class='ocr_line' id='line_1_28' title="bbox 482 3753 1531 3843; baseline -0.002 -20"><span class='ocrx_word' id='word_1_206' title='bbox 482 3758 605 3823; x_wconf 90' lang='lat' dir='ltr'><strong>cilium.</strong></span> <span class='ocrx_word' id='word_1_207' title='bbox 672 3756 826 3819; x_wconf 85' lang='lat' dir='ltr'><strong>Essemus</strong></span> <span class='ocrx_word' id='word_1_208' title='bbox 848 3753 936 3819; x_wconf 89' lang='lat' dir='ltr'><strong>enim</strong></span> <span class='ocrx_word' id='word_1_209' title='bbox 971 3755 1152 3841; x_wconf 81' lang='lat' dir='ltr'><strong>proditores</strong></span> <span class='ocrx_word' id='word_1_210' title='bbox 1174 3757 1358 3821; x_wconf 80' lang='lat' dir='ltr'><strong>animarum</strong></span> <span class='ocrx_word' id='word_1_211' title='bbox 1392 3778 1531 3843; x_wconf 83' lang='lat' dir='ltr'><strong>querum</strong></span> 
     </span>
     <span class='ocr_line' id='line_1_29' title="bbox 482 3858 1529 3943; baseline -0.001 -19"><span class='ocrx_word' id='word_1_212' title='bbox 482 3860 570 3925; x_wconf 86' lang='lat' dir='ltr'><strong>solus</strong></span> <span class='ocrx_word' id='word_1_213' title='bbox 592 3878 661 3923; x_wconf 76' lang='lat' dir='ltr'><strong>esse</strong></span> <span class='ocrx_word' id='word_1_214' title='bbox 683 3858 847 3936; x_wconf 86' lang='lat' dir='ltr'><strong>debemus,</strong></span> <span class='ocrx_word' id='word_1_215' title='bbox 872 3860 907 3922; x_wconf 89' lang='lat' dir='ltr'><strong>et</strong></span> <span class='ocrx_word' id='word_1_216' title='bbox 929 3878 988 3943; x_wconf 89' lang='lat' dir='ltr'><strong>pro</strong></span> <span class='ocrx_word' id='word_1_217' title='bbox 1012 3878 1150 3941; x_wconf 86' lang='lat' dir='ltr'><strong>quorum</strong></span> <span class='ocrx_word' id='word_1_218' title='bbox 1173 3859 1279 3923; x_wconf 83' lang='lat' dir='ltr'><strong>soluto</strong></span> <span class='ocrx_word' id='word_1_219' title='bbox 1301 3858 1407 3923; x_wconf 82' lang='lat' dir='ltr'><strong>vitam</strong></span> <span class='ocrx_word' id='word_1_220' title='bbox 1430 3860 1529 3925; x_wconf 84' lang='lat' dir='ltr'><strong>morti</strong></span> 
     </span>
     <span class='ocr_line' id='line_1_30' title="bbox 483 3958 1530 4049; baseline -0.002 -22"><span class='ocrx_word' id='word_1_221' title='bbox 483 3962 659 4041; x_wconf 87' lang='lat' dir='ltr'><strong>debemus;</strong></span> <span class='ocrx_word' id='word_1_222' title='bbox 682 3958 924 4024; x_wconf 86' lang='lat' dir='ltr'><strong>consentientes</strong></span> <span class='ocrx_word' id='word_1_223' title='bbox 941 3978 1053 4023; x_wconf 84' lang='lat' dir='ltr'><strong>eorum</strong></span> <span class='ocrx_word' id='word_1_224' title='bbox 1076 3966 1218 4045; x_wconf 83' lang='lat' dir='ltr'><strong>peccato,</strong></span> <span class='ocrx_word' id='word_1_225' title='bbox 1234 3983 1301 4025; x_wconf 90' lang='lat' dir='ltr'><strong>non</strong></span> <span class='ocrx_word' id='word_1_226' title='bbox 1323 3962 1530 4049; x_wconf 87' lang='lat' dir='ltr'><strong>impediendo</strong></span> 
     </span>
     <span class='ocr_line' id='line_1_31' title="bbox 483 4060 1530 4150; baseline 0 -23"><span class='ocrx_word' id='word_1_227' title='bbox 483 4060 565 4127; x_wconf 87' lang='lat' dir='ltr'><strong>illud</strong></span> <span class='ocrx_word' id='word_1_228' title='bbox 603 4083 708 4148; x_wconf 82' lang='lat' dir='ltr'><strong>neque</strong></span> <span class='ocrx_word' id='word_1_229' title='bbox 753 4060 951 4139; x_wconf 66' lang='lat' dir='ltr'><strong>obsistendo</strong></span> <span class='ocrx_word' id='word_1_230' title='bbox 991 4083 1063 4125; x_wconf 73' lang='lat' dir='ltr'><strong>crim</strong></span> <span class='ocrx_word' id='word_1_231' title='bbox 1109 4063 1263 4128; x_wconf 87' lang='lat' dir='ltr'><strong>obsistere</strong></span> <span class='ocrx_word' id='word_1_232' title='bbox 1301 4067 1335 4129; x_wconf 90' lang='lat' dir='ltr'><strong>et</strong></span> <span class='ocrx_word' id='word_1_233' title='bbox 1373 4064 1530 4150; x_wconf 84' lang='lat' dir='ltr'><strong>impedire</strong></span> 
     </span>
    </p>
   </div>
   <div class='ocr_carea' id='block_1_3' title="bbox 484 4163 1530 4256">
    <p class='ocr_par' dir='ltr' id='par_1_3' title="bbox 484 4163 1530 4256">
     <span class='ocr_line' id='line_1_32' title="bbox 484 4163 1530 4256; baseline -0.002 -23"><span class='ocrx_word' id='word_1_234' title='bbox 484 4166 658 4233; x_wconf 74' lang='lat' dir='ltr'><strong>valcamus,</strong></span> <span class='ocrx_word' id='word_1_235' title='bbox 706 4164 793 4245; x_wconf 78' lang='lat' dir='ltr'><strong>Quin</strong></span> <span class='ocrx_word' id='word_1_236' title='bbox 823 4163 929 4251; x_wconf 85' lang='lat' dir='ltr'><strong>igitur</strong></span> <span class='ocrx_word' id='word_1_237' title='bbox 960 4164 1048 4229; x_wconf 80' lang='lat' dir='ltr'><strong>tanti</strong></span> <span class='ocrx_word' id='word_1_238' title='bbox 1083 4165 1146 4229; x_wconf 85' lang='lat' dir='ltr'><strong>viri</strong></span> <span class='ocrx_word' id='word_1_239' title='bbox 1180 4170 1248 4231; x_wconf 73' lang='lat' dir='ltr'><strong>tom</strong></span> <span class='ocrx_word' id='word_1_240' title='bbox 1287 4168 1429 4256; x_wconf 80' lang='lat' dir='ltr'><strong>prudens</strong></span> <span class='ocrx_word' id='word_1_241' title='bbox 1467 4168 1530 4233; x_wconf 84' lang='lat' dir='ltr'><strong>dis·</strong></span> 
     </span>
    </p>
   </div>
   <div class='ocr_carea' id='block_1_4' title="bbox 490 4411 995 4422">
    <p class='ocr_par' dir='ltr' id='par_1_4' title="bbox 490 4411 995 4422">
     <span class='ocr_line' id='line_1_33' title="bbox 490 4411 995 4422; baseline 0.002 -1"><span class='ocrx_word' id='word_1_242' title='bbox 490 4412 724 4421; x_wconf 68' lang='lat'><em>--......-—-—---</em></span> <span class='ocrx_word' id='word_1_243' title='bbox 730 4411 995 4422; x_wconf 62' lang='grc' dir='ltr'><strong>ι--ι-ι-κ--υ-ι-η--ι</strong></span> 
     </span>
    </p>
   </div>
   <div class='ocr_carea' id='block_1_5' title="bbox 483 4564 1532 4873">
    <p class='ocr_par' dir='ltr' id='par_1_5' title="bbox 517 4564 1448 4635">
     <span class='ocr_line' id='line_1_34' title="bbox 517 4564 1448 4635; baseline 0.008 -19"><span class='ocrx_word' id='word_1_244' title='bbox 517 4565 718 4629; x_wconf 67' lang='grc' dir='ltr'><strong>’ἑΙΙίευοΙυηωε]</strong></span> <span class='ocrx_word' id='word_1_245' title='bbox 761 4564 818 4614; x_wconf 81' lang='lat' dir='ltr'><strong>eliis</strong></span> <span class='ocrx_word' id='word_1_246' title='bbox 850 4564 984 4625; x_wconf 77' lang='lat' dir='ltr'><strong>voluimus,</strong></span> <span class='ocrx_word' id='word_1_247' title='bbox 1069 4566 1226 4635; x_wconf 62' lang='lat' dir='ltr'><strong>‘residendfl</strong></span> <span class='ocrx_word' id='word_1_248' title='bbox 1244 4569 1383 4629; x_wconf 80' lang='lat' dir='ltr'><strong>recedendi,</strong></span> <span class='ocrx_word' id='word_1_249' title='bbox 1395 4570 1448 4623; x_wconf 88' lang='lat' dir='ltr'><strong>Sid.</strong></span> 
     </span>
    </p>

    <p class='ocr_par' dir='ltr' id='par_1_6' title="bbox 483 4643 1736 4873">
     <span class='ocr_line' id='line_1_35' title="bbox 483 4643 1532 4713; baseline 0.004 -14"><span class='ocrx_word' id='word_1_250' title='bbox 483 4648 591 4706; x_wconf 87' lang='lat' dir='ltr'><strong>C.C.C.;</strong></span> <span class='ocrx_word' id='word_1_251' title='bbox 607 4644 794 4700; x_wconf 78' lang='lat' dir='ltr'><strong>aliisvolnmm,</strong></span> <span class='ocrx_word' id='word_1_252' title='bbox 807 4643 978 4705; x_wconf 73' lang='lat' dir='ltr'><strong>01.,c.c.c2.</strong></span> <span class='ocrx_word' id='word_1_253' title='bbox 1069 4646 1078 4675; x_wconf 78' lang='lat'>⁵</span> <span class='ocrx_word' id='word_1_254' title='bbox 1091 4646 1238 4713; x_wconf 80' lang='lat' dir='ltr'><strong>periculum]</strong></span> <span class='ocrx_word' id='word_1_255' title='bbox 1270 4665 1319 4699; x_wconf 88' lang='lat' dir='ltr'><strong>om.</strong></span> <span class='ocrx_word' id='word_1_256' title='bbox 1348 4650 1448 4713; x_wconf 78' lang='lat' dir='ltr'><strong>CCC,</strong></span> <span class='ocrx_word' id='word_1_257' title='bbox 1482 4652 1532 4703; x_wconf 86' lang='lat' dir='ltr'><strong>Ox.</strong></span> 
     </span>
     <span class='ocr_line' id='line_1_36' title="bbox 515 4724 1532 4799; baseline 0.007 -24"><span class='ocrx_word' id='word_1_258' title='bbox 515 4726 699 4789; x_wconf 76' lang='lat' dir='ltr'><strong>²inleroenial]</strong></span> <span class='ocrx_word' id='word_1_259' title='bbox 717 4724 875 4784; x_wconf 82' lang='lat' dir='ltr'><strong>introveniet,</strong></span> <span class='ocrx_word' id='word_1_260' title='bbox 888 4726 937 4775; x_wconf 85' lang='lat' dir='ltr'><strong>Ox.</strong></span> <span class='ocrx_word' id='word_1_261' title='bbox 1036 4724 1087 4775; x_wconf 90' lang='lat' dir='ltr'><strong>Sid.</strong></span> <span class='ocrx_word' id='word_1_262' title='bbox 1112 4727 1202 4780; x_wconf 87' lang='lat' dir='ltr'><strong>inserts</strong></span> <span class='ocrx_word' id='word_1_263' title='bbox 1233 4729 1325 4795; x_wconf 59' lang='lat' dir='ltr'><strong>moselle</strong></span> <span class='ocrx_word' id='word_1_264' title='bbox 1352 4730 1437 4782; x_wconf 71' lang='lat' dir='ltr'><strong>belom</strong></span> <span class='ocrx_word' id='word_1_265' title='bbox 1466 4734 1532 4799; x_wconf 78' lang='lat' dir='ltr'><strong>peri-</strong></span> 
     </span>
     <span class='ocr_line' id='line_1_37' title="bbox 516 4803 1118 4873; baseline 0.003 -18"><span class='ocrx_word' id='word_1_266' title='bbox 516 4810 526 4838; x_wconf 78' lang='lat'><strong>³</strong></span> <span class='ocrx_word' id='word_1_267' title='bbox 538 4806 661 4873; x_wconf 72' lang='lat' dir='ltr'><strong>prebere]</strong></span> <span class='ocrx_word' id='word_1_268' title='bbox 680 4820 728 4855; x_wconf 85' lang='lat' dir='ltr'><strong>om.</strong></span> <span class='ocrx_word' id='word_1_269' title='bbox 742 4803 832 4855; x_wconf 75' lang='lat' dir='ltr'><strong>CCC.</strong></span> <span class='ocrx_word' id='word_1_270' title='bbox 1034 4803 1118 4857; x_wconf 73' lang='lat' dir='ltr'><strong>crelion.</strong></span> 
     </span>
    </p>
   </div>
   <div class='ocr_carea' id='block_1_6' title="bbox 0 0 1771 5784">
    <p class='ocr_par' dir='ltr' id='par_1_7' title="bbox 0 0 1771 5784">
     <span class='ocr_line' id='line_1_38' title="bbox 0 0 1771 5784; baseline 0 0"><span class='ocrx_word' id='word_1_271' title='bbox 0 0 1771 5784; x_wconf 95' lang='lat' dir='ltr'><strong> </strong></span> 
     </span>
    </p>
   </div>
  </div>
 </body>
</html>
