3500 5784
475 830 542 909 428
802 846 949 899 acanum
971 846 1202 899 onossrrnsrn

301 1034 436 1099 Bursa
518 1022 568 1091 Ac
600 1023 684 1091 forte
715 1022 834 1104 dicent
851 1024 898 1089 ·Si
920 1023 1017 1091 hodie
1048 1024 1215 1111 pulsatum
1237 1028 1289 1091 est
1319 1030 1435 1092 contra
1457 1027 1529 1113 epi-

299 1111 448 1236 ξᾛξᾞ,
473 1148 605 1215 scopum
628 1134 663 1195 et
685 1126 838 1195 recedens
859 1126 957 1194 hodie
986 1126 1101 1194 redeat
1131 1132 1250 1215 quarta
1271 1126 1326 1195 vel
1346 1130 1450 1195 tertia
1470 1129 1529 1195 vel

301 1240 409 1319 mahen
471 1230 614 1297 secunda
647 1231 700 1297 die
731 1236 896 1317 sequente,
927 1230 1008 1317 quid
1039 1252 1120 1318 opus
1151 1236 1202 1297 est
1233 1231 1353 1296 iterato
1385 1231 1422 1295 in
1452 1237 1528 1296 tam

300 1308 455 1427 ffiffie
470 1332 626 1399 famata
662 1332 796 1399 monce
832 1332 936 1419 ipsius
972 1332 1124 1419 pennae
1183 1331 1343 1420 uagum
1387 1333 1528 1419 queem

300 1444 405 1521 necros
469 1436 557 1521 quod
580 1442 616 1502 et
637 1435 757 1503 cotidie
792 1434 1002 1502 honorandus
1035 1440 1087 1501 est
1111 1440 1208 1522 pater
1230 1458 1252 1500 a
1272 1434 1360 1516 filiis,
1382 1443 1528 1523 egetque

299 1512 421 1579 nngmg?
467 1536 625 1625 populus¹
640 1542 776 1626 paterna
789 1538 1018 1605 benedictione
1032 1543 1067 1604 et
1080 1558 1239 1626 pauperes
1253 1538 1527 1605 eleemosinarum

400 1708 410 1731 .
466 1641 661 1729 receptione,
684 1664 745 1708 neo
776 1646 827 1707 est
850 1640 921 1707 dies
943 1642 980 1706 in
1002 1661 1069 1727 qua
1098 1640 1137 1705 in
1168 1646 1266 1705 tanta
1298 1641 1433 1709 civitate
1455 1664 1527 1707 non

466 1750 620 1811 nascatur
644 1750 680 1811 at
701 1744 889 1831 baptizetur
921 1744 1040 1831 aliquis
1073 1743 1231 1830 parwrlus
1243 1768 1252 1825 3
1285 1764 1361 1809 rara
1391 1767 1526 1831 quoque

465 1845 536 1913 dies
558 1850 618 1913 aut
639 1846 733 1913 nulla
758 1846 794 1911 in
824 1868 891 1932 qua
911 1867 978 1911 non
1008 1844 1127 1931 aliquia
1148 1846 1194 1911 sit
1216 1845 1374 1933 injuriam
1394 1870 1524 1934 passus,

464 1947 613 2030 afflictus,
637 1954 697 2015 aut
719 1970 900 2037 oppressus,
923 1953 982 2013 aut
1004 1948 1164 2013 delictum
1186 1949 1396 2015 committens
1423 1972 1526 2037 prop-

297 2048 440 2129 A¹J⁸W¹⁰
462 2059 516 2120 ter
552 2053 640 2139 quod
676 2052 806 2139 indiget
838 2056 879 2117 ut
914 2050 1066 2117 absolvat
1098 2073 1174 2116 eum
1208 2051 1385 2138 episeopus
1433 2051 1526 2132 Qua-

297 2116 355 2169 ‘¹¹¹⁸'
461 2158 596 2241 propter
619 2159 654 2222 at
676 2154 705 2219 si
726 2154 825 2219 hodie
848 2174 961 2219 omues
990 2152 1231 2219 confirmandos
1264 2153 1521 2232 confirmaverit,

462 2258 610 2323 omnium
643 2277 813 2343 passorum
850 2254 1008 2341 injuriam
1038 2255 1184 2341 querelas
1221 2255 1373 2336 audierit,
1406 2278 1525 2322 omues

462 2359 601 2427 afflictos
624 2364 660 2425 et
682 2380 851 2447 oppressos
874 2356 1060 2424 consolatus
1081 2356 1192 2437 fuerit,
1216 2358 1437 2443 omniumque,
1461 2360 1523 2445 qui

461 2484 521 2529 sua
552 2462 736 2550 specialiter
769 2460 975 2527 absolutione
1011 2459 1173 2546 indigent,
1204 2460 1421 2526 confessiones
1460 2484 1523 2526 au·

461 2565 620 2644 dimitat
642 2564 770 2631 eosdem
793 2560 1017 2644 absolverit&
1038 2566 1152 2629 tamen
1174 2568 1209 2629 et
1231 2564 1260 2627 si
1282 2584 1353 2628 eras
1373 2562 1521 2641 redierit,

463 2671 528 2738 erit
550 2670 677 2759 aliquid
700 2670 810 2737 dehis
832 2669 921 2757 quod
936 2668 1127 2756 episcopalis
1143 2668 1240 2735 officii
1262 2669 1447 2734 ministerio
1468 2670 1523 2735 in·

462 2774 615 2861 digebit3
638 2778 673 2841 et
696 2774 724 2840 si
747 2772 829 2839 olam
844 2776 1052 2861 pertranseat
1069 2772 1245 2858 episcopus,
1260 2770 1346 2837 forte
1360 2779 1523 2859 perpetuo

460 2877 531 2943 sine
553 2876 697 2943 remedio
728 2875 920 2943 remanebit
966 2874 1049 2955 Quae
1072 2873 1177 2962 igitur
1199 2878 1250 2939 cst
1271 2873 1441 2960 sapientia,
1463 2874 1521 2941 uel

460 2980 570 3069 potius
602 2980 760 3067 insipiens
792 2978 951 3066 superbia,
978 2978 1069 3043 mati
1105 2976 1186 3041 boni
1224 2977 1427 3043 occasionem
1459 3000 1521 3045 seu

461 3106 591 3149 causam
613 3082 656 3149 ob
678 3082 804 3148 nullam
826 3103 956 3149 eausam
979 3078 1216 3146 subtrahere⁸l

293 3206 399 3259 remes
507 3186 660 3251 Patribus
699 3190 749 3251 est
782 3183 1010 3262 obediendum,
1049 3182 1140 3249 unde
1176 3182 1214 3247 in
1258 3181 1521 3249 Deuteronomio

292 3276 401 3325 ΜΨ
453 3288 558 3375 filius
580 3294 762 3355 contusae
798 3292 828 3352 ct
858 3292 1043 3374 protervam,
1066 3283 1130 3372 qai
1159 3306 1233 3351 cmc
1257 3284 1384 3351 ατιάὶί*
1405 3286 1522 3371 patria

293 3342 431 3473 Ὲᾛᾶῑ
462 3398 523 3458 oct
545 3388 669 3457 matris
694 3389 887 3477 asperam
916 3394 947 3454 ct
977 3386 1140 3455 coercitus
1161 3385 1294 3453 obedire
1321 3388 1519 3468 coratcmait,

296 3492 333 3537 ¹⁸·
387 3569 403 3582 ..
461 3493 638 3560 acutorum
653 3491 790 3579 judicic
813 3488 996 3576 lapidetur.
1046 3489 1169 3555 Paulus
1190 3494 1302 3554 autem
1324 3490 1381 3568 ait,
1397 3490 1521 3558 Patrae

293 3566 357 3620 Μ
366 3584 412 3621 ¹¹¹·
425 3574 449 3624 ⁹·
463 3594 605 3683 qcc'dcoa
628 3593 746 3661 carnis
776 3600 902 3659 coctroe
931 3590 1116 3658 mactem
1146 3590 1343 3668 emtore,
1366 3598 1397 3657 ct
1427 3614 1519 3659 rece·

461 3697 621 3765 rebamur
652 3716 711 3763 coa
772 3694 899 3761 Nosce
930 3692 1041 3759 molo
1070 3692 1184 3777 monia
1215 3692 1520 3778 obtemperabimus

460 3800 564 3869 Patri
595 3799 790 3887 spirituum
822 3805 853 3865 ct
885 3796 1064 3863 vivamus?
1108 3796 1248 3863 Constat
1268 3801 1379 3861 autem
1416 3799 1519 3883 quod,

292 3903 538 3971 Epniiisalioet
569 3902 656 3970 solus
687 3902 778 3967 Deus
811 3921 869 3987 per
902 3922 938 3965 se
967 3900 1013 3965 sit
1046 3898 1146 3965 Pater
1177 3898 1362 3985 spirituum,
1384 3920 1424 3966 aa
1449 3922 1520 3986 quw

292 3989 415 4107 i¹if⁵35¹²⁰¹⁴
461 4006 577 4076 acacio
594 4003 786 4095 paternitas
807 4003 851 4069 irc
873 4001 952 4069 coelc
973 4008 1003 4068 ct
1024 4001 1069 4067 c'ca
1092 4008 1182 4067 tcrru
1203 4000 1418 4081 castrator,
1435 4011 1520 4071 sunt

292 4094 416 4201 lacmsxr.
462 4117 573 4179 tamen
592 4114 744 4195 pactores
765 4111 796 4171 ct
817 4102 967 4191 episcopt
997 4102 1205 4171 animorum
1237 4103 1281 4169 a'c
1307 4104 1389 4190 Ipso
1410 4110 1444 4170 ct
1474 4129 1518 4172 aa

292 4219 333 4267 ac.
462 4212 543 4301 Ipso
577 4218 607 4278 ct
634 4230 699 4299 par
736 4206 860 4296 Ipsum
893 4211 1002 4294 patres
1035 4205 1214 4294 spirituum
1243 4212 1438 4292 procreatae
1470 4208 1520 4277 c'oa

470 4440 526 4447 —
533 4438 691 4446 ....-.--
702 4438 778 4444 ----
1160 4435 1180 4439 -
1193 4433 1521 4444 ——-—-——

495 4584 784 4658 1W1„]0m,ffl
1040 4581 1224 4674 {mamea}
1237 4583 1519 4653 utrumme,

494 4736 505 4768 ²
520 4733 643 4788 atcosdcn
653 4732 794 4803 meme]
812 4747 862 4787 om.
874 4730 947 4785 uun,
1009 4660 1154 4812 Trlncudit]
1172 4758 1222 4798 cm.
1233 4744 1305 4800 Τήν.
