3500 5784
695 837 872 888 nrrsrona.
1245 825 1309 888 383

253 995 372 1099 'aliqua
401 1013 534 1078 aliunde
563 1013 728 1098 adquisita
757 1035 855 1099 quam
895 1012 935 1078 de
972 1013 1067 1078 bonis
1097 1014 1212 1101 patris,
1244 1035 1311 1079 non

261 1120 426 1202 oporteret
456 1115 544 1200 quod
576 1121 703 1200 patrem
734 1116 930 1182 admitteret
959 1116 1002 1181 ad
1032 1116 1107 1182 illas
1142 1138 1194 1181 res
1233 1118 1312 1182 viai-

260 1215 378 1282 tandaa
419 1223 453 1282 et
490 1218 534 1282 ad
564 1218 801 1303 disponendum
833 1218 873 1283 de
904 1217 973 1298 eis3
1011 1219 1176 1284 urbanum
1198 1224 1310 1285 tamen

259 1325 343 1386 esset
369 1327 403 1386 et
431 1320 692 1386 honorificentia
716 1322 804 1406 patri
834 1320 1031 1387 exhibendae
1060 1343 1248 1408 congruum,
1281 1323 1309 1386 si

259 1429 385 1509 patrem
416 1424 459 1488 ad
489 1423 648 1511 praedicta
678 1429 867 1489 reverenter
898 1424 1099 1504 admitteret,
1126 1446 1201 1489 oum
1226 1445 1311 1510 prae·

259 1527 453 1592 sumendum
491 1531 576 1592 esset
611 1526 652 1592 de
688 1531 782 1612 patre
816 1526 905 1612 quod
934 1525 1098 1613 paternali
1127 1527 1247 1592 affeetu
1277 1533 1312 1592 et

258 1628 301 1692 ad
331 1628 492 1694 bonorum
535 1629 596 1693 filii
637 1630 898 1694 emendationem
940 1629 1023 1694 talia
1056 1631 1162 1695 faeere
1199 1629 1309 1695 vellet

258 1730 429 1810 Quomodo
455 1733 559 1818 igitur
583 1731 646 1795 filii
670 1732 893 1818 episcoporum
917 1731 967 1795 nil
990 1730 1100 1798 ourae¹
1127 1732 1310 1797 animarum

258 1832 417 1899 habentes
440 1834 572 1899 nisi'ab
596 1835 818 1920 episcoporum
844 1833 1032 1912 traditione,
1048 1840 1180 1900 retenta
1194 1834 1311 1900 nihilo

257 1934 366 2000 minus
392 1936 472 2022 ipsis
498 1937 655 2022 episcopis
669 1936 813 2024 ipsarum
835 1936 1020 2001 animarum
1036 1959 1122 2014 cura,
1146 1942 1187 2002 ut
1205 1937 1312 2023 magis

257 2038 327 2103 sint
355 2039 419 2124 ipsi
445 2039 589 2124 ipsarum
611 2038 795 2102 animarum
818 2043 938 2124 patres,
960 2043 1109 2118 rectores,
1135 2043 1170 2104 et
1191 2039 1310 2124 guber·

257 2145 397 2219 ratores,
429 2147 464 2206 et
493 2161 690 2228 possessores
712 2161 811 2226 quam
834 2140 903 2205 sint
924 2141 1069 2226 ipsorum
1090 2140 1161 2222 filii,
1192 2164 1214 2206 a
1242 2140 1311 2206 sola

257 2243 479 2330 episcoporum
511 2243 690 2310 traditione
724 2265 836 2308 curam
866 2244 1086 2330 suscipientes,
1121 2245 1208 2330 ipsos
1242 2246 1310 2332 epi·

257 2367 368 2432 scopos
382 2347 577 2434 repellerent
592 2369 612 2411 a
627 2367 760 2412 suarum
776 2347 963 2410 animarum
977 2347 1177 2428 visitatione,
1193 2348 1309 2434 guber-

256 2448 398 2528 natione,
428 2449 634 2527 correctione,
666 2454 701 2514 et
723 2441 982 2514 reformatione?
1051 2449 1213 2535 Nunquid
1242 2472 1309 2515 non

257 2547 399 2616 filiorum
426 2553 552 2618 curatio
578 2553 736 2618 continua
760 2573 834 2617 eum
857 2551 963 2637 patris
977 2553 1148 2617 curatione
1170 2552 1308 2638 adjecta,

257 2654 389 2737 quando
403 2655 433 2718 ei
449 2654 617 2720 vacaverit
632 2660 667 2720 et
676 2654 830 2740 expedire
839 2654 970 2732 viderit,
987 2653 1164 2740 perfectius
1178 2655 1309 2720 curabit

257 2775 357 2840 quam
379 2756 476 2822 faciet
499 2757 602 2822 altera
635 2757 727 2822 solat
769 2755 866 2836 Quod
896 2761 1008 2820 autern
1042 2756 1218 2842 perfectius
1248 2764 1307 2838 est,

256 2858 372 2922 melius
388 2863 446 2938 est,
464 2866 498 2925 et
514 2860 617 2946 magis
632 2859 824 2945 eligendum.
872 2857 1038 2923 Praeterea
1051 2879 1126 2923 oum
1140 2860 1309 2946 episcopus
1438 2853 1442 2862 ’

256 2959 415 3042 tradendo
446 2983 557 3026 curam
592 2961 776 3026 animarum
802 2960 876 3024 aliis
907 2961 1124 3039 inferioribus,
1149 2983 1221 3028 eam
1243 2963 1308 3028 sibi

255 3083 322 3126 non
359 3062 484 3128 adimat
516 3064 572 3129 sed
604 3063 757 3141 retineat,
790 3063 938 3148 alioquin
967 3063 1033 3128 illis
1056 3064 1306 3143 discedentibus,

256 3187 319 3230 non
355 3171 465 3252 posset
488 3187 599 3231 eorum
629 3165 864 3231 successoribus
894 3187 1006 3231 euram
1028 3168 1167 3249 tradere,
1190 3173 1309 3256 utpote

255 3289 354 3352 quam
369 3290 435 3333 non
459 3268 617 3347 haberet3
641 3268 697 3332 sed
720 3268 782 3332 sibi
805 3267 982 3336 ademisset
995 3268 1097 3355 priori
1121 3270 1306 3336 traditione

255 3369 376 3435 Nullus
398 3372 486 3436 enim
508 3376 617 3456 potest
638 3371 726 3456 quod
748 3391 816 3435 non
838 3369 939 3436 habet
960 3371 1046 3436 dare
1093 3373 1231 3439 Retinet
1244 3375 1309 3440 sibi

208 3537 217 3560 ,
254 3493 313 3558 per
345 3493 544 3558 consequens
576 3495 615 3538 ea
644 3495 718 3558 quae
747 3495 832 3540 curae
863 3479 943 3539 sunt
975 3477 1161 3554 necessaria,
1192 3481 1308 3563 utpote

255 3575 488 3654 visitationem,
511 3597 585 3641 cum
615 3577 806 3641 continuam
836 3576 1062 3643 visitationem
1091 3599 1159 3644 non
1188 3583 1306 3665 posset,

256 3680 488 3745 correctionem
520 3700 650 3766 quoque
684 3685 720 3753 et
752 3678 1039 3762 reformationem
1067 3681 1133 3746 nisi
1162 3683 1250 3746 enirn
1273 3689 1308 3748 et

256 3803 294 3846 ea
327 3803 400 3867 quae
432 3803 518 3848 curm
547 3780 683 3868 agendae
721 3787 799 3846 sunt
829 3783 1011 3848 necessaria
1042 3783 1106 3848 sibi
1139 3785 1305 3863 retineret,

254 3882 375 3950 frustra
412 3885 571 3950 retineret
605 3905 738 3964 ouram;
776 3891 861 3950 esset
891 3885 980 3950 enim
1014 3886 1138 3966 otiosa3
1175 3887 1233 3952 sed
1270 3889 1306 3952 in

255 3985 352 4052 domo
396 3986 555 4074 sapientis
599 3986 851 4074 patrisfamilias,
897 3989 984 4053 sicut
1035 3993 1071 4053 et
1120 3982 1157 4053 in
1208 4011 1306 4077 opere

255 4093 393 4169 naturae,
418 4089 502 4154 nihil
525 4095 578 4155 est
600 4091 741 4154 otiosum
764 4112 821 4155 seu
843 4089 975 4156 frustra

301 4191 344 4256 Iu
365 4193 436 4279 lege
461 4193 602 4258 Mosaios
624 4197 824 4280 praeceptum
848 4198 900 4258 est
932 4195 1053 4278 (Exodi
1075 4193 1187 4283 xxiii.)
1208 4195 1305 4276 Quod
1318 4211 1400 4262 Exod.

254 4293 286 4359 si
308 4293 493 4360 occurreris
508 4294 582 4361 bovi
595 4293 746 4382 ,inimici
761 4295 815 4361 tui
838 4302 900 4362 ont
922 4296 1023 4362 caino
1044 4297 1187 4381 amnti,
1204 4299 1305 4367 redo
1315 4278 1392 4407 3¹0¹ss
1403 4285 1459 4408 ἒξ

255 4419 304 4476 ces
325 4397 372 4464 od
386 4419 465 4464 eom
475 4423 489 4479 ,·
505 4402 540 4463 et
554 4397 586 4464 si
599 4397 727 4465 ruderis
742 4398 885 4465 amnone
899 4399 1047 4466 odiemis
1070 4408 1099 4466 te
1116 4402 1227 4487 jocero
1242 4403 1302 4470 aab
1316 4423 1471 4475 Mourena

1316 4492 1461 4557 “wius

330 4604 370 4610 -0—
380 4603 678 4610 .-.--...-.-—-.-----
690 4604 721 4610 —-
732 4605 776 4610 ..--
786 4605 793 4609 -
803 4603 903 4610 —0-——-.

646 4728 654 4757 ¹
670 4728 749 4797 ma]
767 4734 864 4791 curant,
874 4727 946 4778 'li-in.
