3500 5784
439 823 505 888 204
763 835 910 887 nocnnn
933 833 1161 886 unoeerrmrn

437 1009 578 1094 gendum
600 1007 706 1074 tradit
727 1007 890 1088 imbecilli,
914 1027 1022 1094 puero,
1045 1007 1100 1073 vel
1120 1007 1309 1094 paralytico,
1325 1029 1384 1073 seu
1402 1007 1485 1072 artie

437 1111 565 1176 nuvelie
601 1111 733 1198 penitus
765 1109 890 1197 ignaro,
922 1129 981 1176 eeu
1014 1108 1138 1176 nolenti
1169 1131 1303 1175 manum
1336 1129 1483 1195 unquam

436 1213 614 1300 adjungere
645 1211 873 1300 gubemaculn
907 1210 989 1300 quid
1019 1211 1109 1278 uliud
1141 1211 1221 1278 facit
1243 1233 1342 1299 quem
1364 1233 1483 1276 nnvem

436 1338 511 1382 cum
543 1315 730 1381 hominibus
764 1313 935 1379 evidenter
965 1312 1070 1379 trudit
1100 1313 1280 1401 naufragio,
1312 1311 1426 1380 reum¹
1449 1335 1484 1378 se

435 1418 637 1484 constituens
658 1417 774 1483 mortis
796 1415 953 1495 omnium,
978 1416 1107 1482 etiamsi
1130 1417 1262 1482 aliunde
1276 1421 1375 1483 necto
1389 1415 1484 1502 adju·

435 1523 520 1586 torio
542 1519 686 1586 evadant
708 1518 824 1584 mortis
855 1517 1060 1604 periculum?
1114 1515 1196 1586 Haec
1219 1525 1253 1584 et
1275 1519 1340 1584 eliu
1371 1519 1484 1605 hujus·

433 1624 531 1703 modi,
555 1645 681 1690 numme
702 1621 960 1710 pertimeeccndu
982 1621 1018 1684 in
1041 1621 1221 1688 traditione
1243 1643 1329 1688 curae
1358 1622 1483 1686 animur

434 1748 518 1807 rum,
540 1747 609 1790 non
623 1728 785 1812 quantum
806 1727 982 1810 oporteret,
1004 1724 1117 1789 erebro
1132 1730 1245 1790 tamen
1267 1724 1482 1802 considerans,

433 1829 483 1896 nil
504 1827 541 1893 in
562 1832 736 1914 conspectu
764 1825 928 1890 tremendi
951 1825 1080 1891 Judicis
1112 1830 1246 1892 tuntum
1280 1827 1481 1914 pertimesco,

433 1934 594 2020 quantum
617 1930 745 1996 unimus
760 1927 921 1994 curandae
935 1927 1066 1994 tradere
1082 1927 1134 1993 his
1156 1929 1197 1994 de
1221 1928 1341 2014 quibus
1356 1935 1482 1994 certum

433 2038 493 2115 eet,
517 2033 607 2120 quod
628 2034 756 2098 unimus
787 2035 966 2118 nequeunt,
990 2035 1049 2096 aut
1077 2031 1238 2110 nesciunt
1270 2037 1330 2096 aut
1363 2032 1482 2097 nolunt

433 2158 568 2216 curare3
587 2157 661 2202 cum
684 2134 746 2200 hoc
767 2133 821 2210 eit,
837 2137 999 2220 quantum
1022 2137 1072 2198 eet
1094 2133 1130 2198 in
1152 2132 1339 2218 hujusmodi
1365 2133 1482 2198 volun-

436 2239 520 2304 tarie
534 2236 719 2318 tredend0⁸,
735 2237 861 2302 animun
876 2255 936 2324 pro
952 2233 1072 2319 quibus
1088 2234 1240 2301 Christus
1255 2239 1404 2300 mortuus
1419 2240 1477 2314 est,

434 2363 494 2428 pro
517 2340 637 2427 quibus
658 2339 760 2405 etium
782 2343 817 2404 et
837 2342 952 2424 pastor
974 2337 1057 2401 mori
1079 2337 1185 2414 debet,
1201 2337 1383 2402 discrimini
1414 2342 1480 2402 tre·

433 2445 520 2510 dere.
566 2441 678 2528 Hujus
700 2440 828 2506 timoris
857 2439 961 2504 eluvie
983 2461 1050 2504 non
1082 2440 1239 2518 confixus,
1263 2440 1350 2506 unde
1384 2440 1481 2506 vehe-

433 2549 561 2612 menter
591 2543 693 2623 doleo,
725 2547 838 2607 tumen
863 2541 1113 2628 aliquantulum,
1139 2545 1177 2607 ut
1199 2563 1303 2628 spero,
1326 2548 1479 2628 punctus,

433 2649 547 2736 nepoti
568 2651 679 2713 vestro
702 2645 743 2711 D.
763 2643 899 2710 omnino
917 2644 985 2710 fere
1007 2643 1173 2724 illiterato,
1190 2645 1286 2729 quod,
1304 2649 1389 2710 teete
1413 2643 1480 2710 Do-

431 2753 531 2832 mino,
554 2750 650 2817 valde
671 2747 845 2814 molentum
866 2766 954 2834 geru,
976 2745 1122 2832 regimen
1145 2745 1286 2812 eecleeiae
1308 2746 1349 2811 de
1372 2745 1480 2812 Sturn-

389 2885 392 2890 ·
432 2853 507 2919 ford
527 2874 625 2940 nuper
640 2851 756 2918 Arene
766 2871 834 2916 non
856 2871 954 2914 ausus
969 2869 1043 2914 sum
1058 2847 1285 2928 committere;
1307 2870 1350 2913 ne
1373 2851 1480 2935 primo

433 2977 487 3020 me
508 2955 693 3020 tradentem
709 2949 975 3039 gubernaculum,
991 2949 1150 3036 illumque
1164 2949 1384 3036 recipientem,
1409 2951 1478 3016 eni-

434 3077 569 3142 musque
591 3053 828 3141 gubernandus,
851 3063 1014 3137 quantum
1047 3051 1083 3116 in
1117 3073 1169 3116 me
1200 3057 1260 3132 est,
1295 3051 1479 3139 demerge-m

268 3165 310 3216 Pe
322 3165 405 3217 lxviii.
434 3158 471 3223 in
486 3157 705 3245 profundnm3
727 3159 767 3218 ut
787 3161 907 3240 erponi
921 3174 1024 3238 cuper
1038 3173 1100 3218 noc
1114 3174 1233 3232 omnm,
1250 3153 1338 3239 quod
1352 3158 1481 3220 avertat

271 3237 310 3283 ¹⁶⁰
435 3259 533 3338 Deus,
546 3265 682 3346 pumen
702 3256 743 3321 de
757 3276 822 3340 quo
843 3275 912 3319 non
935 3260 986 3319 eet
1008 3275 1179 3340 regressus,
1196 3275 1231 3321 oe
1253 3277 1364 3322 eccum.
1403 3257 1479 3322 Non

434 3362 547 3447 itaque
583 3365 703 3425 veetrae
741 3357 915 3422 molestum
953 3357 1016 3422 erit
1045 3356 1214 3443 supientiae
1244 3357 1272 3422 ei
1302 3365 1482 3424 momentu·

435 3485 535 3529 neum
564 3469 599 3529 et
627 3481 766 3548 pervum
795 3457 987 3544 cujusquam
1024 3461 1230 3523 contemnam
1267 3462 1480 3539 commodum,

434 3588 478 3631 ne
499 3567 569 3653 ipse
598 3569 634 3630 et
663 3585 723 3650 ego
752 3561 911 3645 multique
941 3559 999 3624 clii
1021 3564 1184 3626 ueternum
1213 3566 1248 3626 et
1276 3561 1481 3653 intolerabile

433 3669 638 3734 incurramus
681 3661 897 3750 dispendium.
959 3661 1066 3727 Novit
1098 3667 1210 3728 autem
1242 3663 1276 3728 Ie
1306 3686 1404 3751 quem
1433 3665 1481 3730 nil

433 3773 524 3849 lutet,
563 3768 652 3854 quod
693 3767 869 3831 effectuoso
900 3763 1010 3828 animo
1040 3771 1175 3850 peruius
1206 3787 1277 3830 eum
1308 3767 1413 3832 facere
1443 3789 1480 3834 eu

434 3895 508 3961 quae
532 3871 627 3937 vobis
655 3868 805 3935 neverim
829 3867 1046 3953 complerem
1070 3866 1148 3931 dum
1175 3871 1287 3932 temen
1310 3871 1479 3934 tremendo

433 3973 546 4042 Judici
560 3972 752 4039 crediderim
767 3993 806 4035 en
819 3991 888 4034 non
902 3968 1081 4054 displicere.
1127 3969 1206 4034 Non
1220 3971 1307 4036 enim
1330 3971 1478 4058 ingratus

433 4101 507 4144 eum
535 4081 655 4142 vestrm
683 4071 928 4150 beneficientiae‚
952 4093 1026 4156 quae
1057 4071 1224 4137 multoties
1253 4073 1479 4160 multipliciter

433 4203 540 4247 meum
561 4178 760 4267 parvitatem
783 4175 977 4254 honoravit3
1000 4178 1130 4260 oportet
1151 4195 1212 4240 nes
1234 4197 1347 4241 omnes
1369 4182 1478 4242 temen

434 4279 734 4371 incomparabiliter
748 4277 853 4364 magis
874 4299 944 4342 esse
966 4281 1078 4364 gratos
1101 4275 1144 4340 Ei
1165 4278 1222 4364 qui
1247 4277 1398 4366 Seipeum
1420 4303 1478 4367 pro

434 4387 529 4452 nobis
551 4383 696 4451 tradidit
741 4379 865 4446 Valete.

441 4543 730 4553 ———-—--——--
829 4541 833 4544 ·
849 4539 893 4544 -·“

633 4624 640 4654 ¹
659 4621 738 4688 reum]
750 4634 842 4682 rerum,
854 4617 944 4670 (20.st

631 4704 641 4734 ²
652 4701 782 4768 tcdmde]
793 4697 1026 4763 reducendo„
1033 4700 1100 4762 Ox.;
1117 4699 1237 4758 cudente,
1248 4693 1354 4765 C.G.C‚.
