3500 5784
650 867 831 920 samsona
1198 855 1264 920 229

216 1051 319 1113 natus
342 1051 378 1112 et
402 1039 477 1133 jure
506 1045 736 1133 praesentandi
784 1046 830 1111 Et
860 1046 946 1112 forte
982 1047 1119 1134 insuper·
1139 1049 1177 1112 iu
1201 1068 1266 1112 usu

216 1149 405 1236 hujusmodi
429 1147 517 1234 juris
538 1149 714 1234 hucusque,
737 1147 900 1228 videlicet,
923 1153 963 1214 ut
988 1153 1163 1236 postquam
1198 1150 1267 1236 epi-

218 1275 334 1339 seopus
354 1251 498 1338 suscepit
519 1251 713 1316 mandatum
734 1252 870 1338 regium,
887 1247 976 1336 quod
997 1251 1074 1316 talis
1092 1250 1193 1317 evicit
1210 1251 1224 1337 j

219 1358 421 1443 patronatus,
436 1356 466 1420 is
483 1355 541 1440 qui
563 1357 781 1441 praesentatus
799 1357 850 1438 est
871 1353 914 1418 ab
937 1375 975 1419 eo
998 1354 1055 1438 qni
1078 1353 1178 1419 evicit
1199 1375 1268 1418 non

217 1464 385 1524 recusetur
414 1457 457 1522 ab
488 1457 645 1544 episcopo,
677 1456 770 1541 quasi
803 1461 1020 1543 praesentatus
1051 1479 1071 1521 a
1101 1477 1169 1520 non
1190 1475 1268 1520 vero

218 1565 365 1648 patrono.
410 1559 589 1648 Episcopus
605 1561 722 1623 autem
743 1557 922 1623 recusando
952 1557 1093 1643 aliquem
1127 1580 1268 1646 praesen-

218 1667 329 1728 tatum
350 1661 453 1728 abeo
483 1661 537 1727 cui
562 1660 620 1747 jus
651 1663 844 1748 patronatus
876 1659 1120 1745 adjudicatum¹
1145 1665 1202 1742 est,
1227 1661 1269 1726 ob

191 1845 196 1852 Ι
219 1765 317 1830 aliam
339 1762 491 1844 eausam²‚
512 1785 582 1828 non
604 1762 712 1827 aufert
733 1762 857 1848 aliquid
889 1765 1103 1849 praesentanei
1126 1763 1167 1828 de
1194 1763 1269 1848 jure

220 1874 414 1959 patronatus
434 1867 491 1935 vel
507 1868 584 1953 jure
605 1867 835 1955 praesentandi,
858 1888 919 1931 nec
952 1866 989 1931 in
1022 1869 1133 1954 aliquo
1157 1868 1271 1936 obviat

219 1974 268 2038 rei
285 1971 442 2059 judicatae
464 1972 501 2035 in
522 1969 592 2036 foro
618 1968 764 2034 seculari.
809 1969 977 2034 Reeusant
1007 1970 1096 2036 enim
1129 1970 1271 2058 episcopi

220 2075 394 2141 illiteratos
415 2080 451 2138 et
471 2072 660 2160 illegitimos
694 2075 729 2137 et
750 2071 836 2136 male
857 2073 1072 2157 morigeratos
1093 2095 1168 2138 cum
1190 2095 1273 2159 prae·

221 2183 394 2244 sentantur
424 2199 445 2240 a
465 2175 551 2242 veris
582 2173 738 2262 patronis,
769 2173 898 2239 nullum
932 2196 991 2261 per
1023 2174 1084 2240 hoc
1116 2174 1272 2241 facientes

222 2278 448 2368 praejudicium
481 2277 562 2364 ipsis
596 2275 763 2363 patronis3
796 2275 949 2341 similiter
980 2277 1050 2341 sine
1083 2276 1273 2365 praejudicio

222 2387 435 2470 patronorum
456 2384 609 2445 recusant
630 2382 844 2466 praesentatos
866 2400 887 2442 a
909 2377 996 2443 veris
1018 2381 1174 2467 patronis,
1198 2401 1273 2443 cum

223 2484 365 2550 eeclesiae
401 2482 445 2547 sd
481 2503 563 2567 quas
593 2483 796 2567 praesentent
828 2501 896 2545 non
934 2485 1064 2546 vacant.
1110 2481 1142 2545 A
1173 2481 1273 2546 simili

222 2588 327 2675 igitur
348 2607 423 2652 cum
456 2584 652 2650 auctoritate
687 2582 825 2650 Ooncilii
856 2582 977 2649 collata
1007 2584 1052 2648 sit
1074 2583 1216 2662 ecclesia,
1240 2587 1274 2648 et

223 2691 273 2756 ita
294 2708 361 2753 non
392 2689 496 2763 vacet,
519 2685 648 2751 nullum
669 2690 846 2770 generatur
876 2683 1102 2771 praejudicium
1136 2693 1273 2772 patrono

224 2788 453 2879 praesentandi,
477 2789 506 2853 si
527 2792 695 2853 recusetur
715 2791 933 2874 praesentatus
966 2788 1008 2852 ab
1040 2788 1111 2874 ipso
1142 2787 1186 2853 ad
1207 2805 1275 2852 non

224 2898 398 2961 vacantem
419 2890 593 2958 ecelesiam.
639 2889 724 2956 Oum
745 2893 858 2954 autem
872 2891 910 2954 in
932 2891 1022 2956 curia
1035 2890 1122 2978 regis
1141 2890 1276 2956 evicerit

224 2998 300 3084 quis
316 2996 373 3082 jus
386 2998 588 3082 patronatus,
604 2996 639 3057 et
653 2991 806 3057 dominus
822 3013 883 3057 rex
905 2991 1019 3058 scribit
1042 2994 1190 3080 episcopo
1208 2993 1275 3064 ¹loci

225 3100 289 3166 sub
324 3097 385 3164 hac
421 3096 548 3162 forma:
582 3094 811 3159 “Mandonius
842 3094 936 3160 vobis
970 3094 1056 3180 quod
1090 3096 1276 3160 admittatis

226 3202 420 3267 “idoneam
441 3219 611 3286 personam
633 3197 676 3262 ad
705 3197 806 3262 talam
828 3196 1005 3277 ecclesiam,
1027 3197 1070 3262 ad
1101 3203 1263 3283 praesenta

227 3305 392 3370 “tionem
422 3301 524 3366 talem
555 3321 623 3364 non
656 3297 810 3364 obstante
839 3298 1071 3366 reclamatione
1097 3299 1275 3366 adversarii

227 3405 313 3487 sui;'’
335 3427 395 3492 per
426 3401 617 3489 hujusmodi
639 3401 833 3467 mandatum
866 3402 994 3488 regium
1017 3404 1060 3470 ad
1081 3405 1165 3469 nihil
1186 3405 1277 3468 aliud

227 3512 362 3577 tenetur
375 3507 551 3594 episcopus,
561 3504 626 3570 nisi
638 3508 680 3577 ¹ut
691 3504 732 3568 de
746 3509 864 3570 caetero
876 3503 996 3572 habeat
1011 3506 1108 3572 talem
1123 3527 1183 3591 pro
1198 3525 1277 3569 vero

227 3617 367 3699 patrono
386 3608 464 3674 tulis
485 3605 635 3683 ecclesiae,
651 3627 719 3670 non
740 3606 895 3672 obstante
913 3606 1091 3671 adversarii
1107 3607 1160 3671 sui
1180 3605 1278 3671 reela-

228 3714 396 3791 mation03
417 3732 477 3776 nee
499 3714 626 3774 recuset
639 3713 875 3795 praesentatum
898 3730 919 3780 a
940 3707 1000 3773 tali
1022 3707 1115 3794 quasi
1138 3729 1278 3795 praesen·

229 3821 340 3882 tatum
353 3835 375 3878 a
389 3834 457 3878 non
471 3833 547 3878 vero
563 3815 709 3898 patrono,
755 3811 834 3876 Non
856 3811 944 3876 enim
966 3814 1074 3896 potest
1095 3833 1155 3876 rex
1169 3812 1279 3899 injun-

229 3940 307 4007 gere
328 3918 477 4004 episcopo
499 3920 539 3982 ut
552 3914 652 3980 faciat
665 3914 720 3980 vel
738 3935 806 3979 non
820 3913 920 3979 faeiat
935 3912 1077 3979 officium
1099 3915 1279 4002 episcopale

230 4026 266 4087 et
287 4019 440 4108 spiritale.
486 4017 631 4102 Ideoque
654 4037 723 4081 non
738 4020 848 4103 potest
869 4014 1041 4103 injungere
1062 4020 1103 4081 ut
1125 4018 1281 4082 instituat

229 4124 285 4190 vel
304 4145 373 4188 non
394 4121 550 4186 instituat
570 4120 608 4183 in
629 4119 787 4200 ecclesias,
810 4123 960 4185 stouras
989 4119 1172 4186 animarum
1195 4142 1279 4187 com-

229 4227 346 4292 mittat
366 4224 421 4289 vel
442 4245 510 4289 non
532 4222 725 4303 committat,
749 4222 835 4287 sicut
866 4222 1041 4310 praeeipere
1073 4245 1139 4288 non
1170 4228 1281 4310 potest

230 4333 271 4394 ut
293 4327 460 4413 episeopus
483 4324 623 4391 celebret
644 4323 698 4390 vel
721 4347 789 4390 non
811 4324 952 4390 celebret
974 4325 1113 4404 ordines,
1138 4325 1191 4390 vel
1206 4347 1280 4392 eon-

231 4430 325 4496 ficiat
346 4427 486 4494 chrisma
506 4426 560 4493 vel
583 4426 754 4493 confirmet
775 4427 950 4514 parvulos5
971 4448 1032 4492 neo
1053 4426 1162 4512 aliquo
1184 4429 1281 4494 modo

270 4731 277 4764 ¹
294 4730 472 4800 ademtam]
486 4729 654 4797 adiudicatus,
664 4725 764 4798 MSS-1
817 4727 828 4760 ²
843 4729 956 4798 causam]
974 4743 1023 4784 om.
1036 4728 1142 4799 (2002.
