3500 5784
449 789 514 856 sla
769 800 916 853 sonunrr
939 800 1167 865 cnossrrnsru

449 999 506 1044 vos
520 976 751 1043 comitcremur
776 980 812 1043 et
833 976 925 1043 omni
941 976 1043 1063 digna
1056 982 1151 1045 tanto
1173 982 1267 1066 patre
1282 978 1489 1048 vensmtione

447 1082 722 1167 prmequeremur,
745 1083 864 1147 vestrae
887 1079 1095 1167 paternitatis
1117 1079 1342 1147 clementiam¹
1367 1086 1491 1166 quanta

447 1204 619 1270 possumus
639 1180 811 1247 affectione
836 1182 1063 1268 supplicamus,
1091 1183 1247 1269 quatinus
1262 1188 1297 1249 et
1310 1183 1489 1249 absentiam

447 1291 593 1351 nosbam
624 1306 692 1349 non
728 1283 958 1365 voluntariam,
989 1284 1047 1351 sed
1075 1286 1298 1365 necessariam,
1334 1285 1489 1351 instantis

447 1387 662 1455 celebratione
700 1385 838 1453 Concilii
867 1408 944 1473 erga
981 1385 1151 1452 dominum
1188 1387 1311 1475 Papam
1339 1410 1489 1455 exarmare

447 1487 637 1576 dignemini,
677 1492 712 1554 et
741 1510 800 1553 nos
828 1487 939 1553 velitis
969 1486 1088 1553 habere
1119 1496 1290 1558 &creatos
1320 1511 1417 1578 super
1453 1512 1488 1557 ec

447 1590 536 1678 quod
557 1592 601 1658 ad
624 1596 767 1657 vestram
786 1611 873 1656 nunc
898 1611 965 1656 non
987 1591 1168 1658 accedimus
1182 1591 1401 1679 presentiam,
1424 1614 1488 1657 non

445 1714 512 1759 uno
542 1697 682 1772 tantum,
712 1692 771 1762 sed
799 1690 948 1778 pluribus
981 1692 1188 1762 obstantibus
1218 1693 1399 1780 praepediti
1444 1692 1488 1759 Et

447 1796 525 1881 quia
540 1794 629 1881 quod
643 1816 701 1881 per
722 1815 782 1864 uos
803 1794 891 1881 ipsos
905 1816 972 1859 non
987 1816 1168 1881 possumus,
1185 1795 1301 1869 saltem
1316 1817 1374 1883 per
1389 1794 1488 1861 alium

445 1897 529 1962 sicut
558 1917 728 1984 possumus
758 1896 918 1983 complere
953 1896 1181 1976 desideramus,
1209 1897 1252 1963 cd
1273 1902 1392 1965 vostra
1415 1898 1487 1963 mit

444 1998 547 2063 timus
585 1997 795 2084 paternitatis
843 1998 1052 2069 sanctitatem
1097 2000 1290 2086 praedictum
1328 1998 1366 2065 u
1400 2000 1488 2068 oleri·

445 2122 520 2165 cum
549 2104 698 2164 vestrum
728 2105 762 2164 et
791 2105 950 2179 nmtrum,
974 2106 1013 2167 ut
1037 2100 1106 2187 ipse
1131 2122 1189 2167 vos
1213 2122 1315 2189 usque
1337 2100 1381 2167 ad
1401 2124 1488 2169 mare

444 2202 561 2266 saltem
602 2202 786 2281 comitetur,
829 2202 1051 2288 supplicantes
1080 2201 1201 2267 obnixe
1239 2209 1279 2268 ut
1319 2204 1487 2269 tantillum

444 2304 546 2389 ipsius
586 2301 779 2389 obsequium
820 2303 958 2389 dignum
988 2304 1115 2379 ducatis
1145 2304 1325 2371 admittere,
1386 2306 1489 2392 Super

445 2405 556 2470 omnia
594 2410 704 2469 autem
743 2410 889 2470 vestram
920 2426 1092 2471 exoramus
1121 2406 1358 2471 serenissimam
1373 2407 1488 2471 carita·

445 2512 523 2587 tem,
549 2507 706 2592 quatinus
732 2527 810 2593 erga
831 2528 891 2573 nos
916 2513 1071 2595 concepta
1095 2508 1137 2573 ab
1163 2508 1261 2573 initio
1278 2515 1400 2577 nostrae
1415 2530 1488 2595 cog·

446 2608 582 2674 nitionis
606 2615 731 2675 mutuae
754 2608 902 2697 specialis
929 2608 1070 2687 dilectio,
1096 2632 1195 2698 quam
1224 2610 1394 2679 evidenter
1417 2632 1488 2698 prc-

445 2711 540 2777 bavit
571 2710 693 2799 pluries
724 2732 858 2798 operum
899 2710 1068 2789 exhibitio,
1100 2710 1278 2779 secundum
1307 2712 1488 2779 dilectionis

360 2863 365 2875 .
398 2823 432 2876 ’‘i.
447 2817 602 2879 naturam
632 2812 824 2881 continuum
849 2812 958 2899 capiat
979 2812 1224 2891 incrementum,
1241 2814 1344 2881 donec
1363 2812 1488 2881 occet

311 2925 318 2939 '
447 2914 536 3001 qaod
553 2913 743 3003 perfectum
764 2920 832 2993 eet;
855 2914 927 3001 ipsa
951 2914 1038 2981 enim
1057 2920 1178 2981 vestrre
1207 2915 1391 2981 dilectionis
1421 2938 1490 3002 spe.

446 3016 573 3081 cialitas
599 3016 663 3081 crit
689 3015 785 3081 nobis
808 3016 845 3080 in
868 3016 1013 3084 adversis
1028 3015 1257 3083 fulcimentum
1280 3039 1322 3083 ne
1343 3022 1487 3085 nostram

445 3118 673 3183 infirmitatem
696 3118 834 3183 adversa
859 3117 1063 3209 deprimunt3
1102 3123 1136 3184 et
1159 3119 1195 3183 in
1221 3120 1382 3209 prosperis
1410 3141 1489 3207 pon·

445 3220 515 3299 dus,
553 3242 595 3285 ne
632 3224 779 3285 nostram
808 3220 981 3285 levitatem
1018 3241 1169 3309 prospera
1206 3220 1369 3286 extollant
1380 3246 1389 3302 3
1425 3221 1488 3287 erit

445 3342 574 3407 quoque
596 3321 690 3386 nobis
704 3322 741 3385 in
756 3321 902 3385 tristitiis
917 3321 1043 3399 laetitia,
1060 3322 1096 3386 in
1118 3319 1281 3388 doloribus
1304 3324 1487 3405 consolati0,

444 3424 480 3488 in
503 3422 663 3509 angustiis
687 3422 847 3500 dilatatio,
872 3422 909 3487 in
933 3422 1100 3489 laboribus
1125 3424 1316 3511 repausatio,
1340 3426 1376 3491 in
1402 3448 1486 3490 ama

443 3523 645 3589 ritudinibus
668 3524 813 3605 dulcedo,
829 3524 866 3589 in
880 3523 1062 3589 tenebrosis
1077 3524 1283 3604 illuminatio,
1299 3528 1336 3591 in
1346 3526 1485 3592 locorum

444 3627 602 3691 distantia
630 3626 812 3691 animorum
842 3626 1037 3711 conjunctio,
1068 3627 1105 3691 in
1136 3626 1225 3692 omni
1262 3629 1395 3694 tandem
1432 3628 1487 3694 dc·

442 3729 531 3794 fectu
545 3733 580 3794 et
594 3728 839 3816 imperfectione
865 3732 979 3793 nostra
1002 3751 1079 3816 quae
1102 3730 1245 3815 plurima
1269 3734 1329 3811 est,
1344 3732 1386 3796 ad
1402 3752 1484 3797 com-

442 3832 642 3917 plementum
664 3836 699 3895 et
719 3830 950 3918 perfectionem
972 3832 1141 3896 revocatio.
1187 3832 1361 3919 Speremus
1375 3839 1484 3898 autem

441 3932 631 4010 firmissime,
656 3932 723 3997 imo
748 3931 867 3997 scimus
893 3931 1080 4013 certissime,
1108 3934 1194 4019 quod
1232 3938 1350 4000 vestrae
1379 3940 1484 4023 pater-

440 4034 558 4100 nitatis
592 4033 750 4098 sanctitas
774 4054 842 4098 non
871 4032 1017 4121 privabit
1046 4056 1104 4100 nos
1134 4038 1301 4101 mutorum
1326 4035 1485 4101 bonorum

440 4153 582 4213 munere,
609 4134 790 4221 praesertim
814 4157 888 4199 cum
908 4135 1061 4201 donantis
1084 4135 1256 4201 thesaurus
1275 4158 1343 4205 non
1356 4137 1486 4203 noverit

440 4258 483 4303 ex
505 4238 565 4303 hoc
586 4235 759 4325 quicquam
778 4235 940 4317 imminui,
971 4237 1028 4302 sed
1052 4236 1229 4324 plurimum
1251 4238 1486 4327 augmentum⁸

439 4339 607 4427 suscipere.
651 4338 770 4404 Valeat
792 4344 906 4404 sancta
929 4338 1112 4426 paternitas
1135 4346 1246 4407 vestra
1268 4363 1327 4431 per
1341 4346 1486 4431 tempora

439 4442 596 4529 longiora.

475 4715 482 4743 ¹
493 4712 652 4779 emeca]
671 4713 819 4773 clementia,
830 4712 922 4766 ccc
936 4712 943 4782 Ι
990 4715 1175 4781 ’oupmmtumJ
1195 4724 1376 4781 argumentum,
1388 4716 1477 4769 ΟΜ).
