3500 5784
670 808 848 858 muman
1222 794 1289 865 327

242 987 279 1050 in
312 985 451 1072 propria,
484 984 640 1072 proxima,
664 988 699 1050 et
730 984 924 1072 principalia
954 984 1099 1049 membra
1129 985 1234 1071 primo
1256 991 1292 1050 et

241 1089 428 1153 immediate
451 1087 601 1164 defluere,
625 1108 723 1171 quam
746 1087 781 1151 in
797 1087 955 1152 distantia
978 1087 1153 1174 perplura
1174 1087 1289 1152 media

243 1191 395 1277 Episcopi
418 1195 529 1254 autem
552 1189 748 1275 suffraganei
780 1195 858 1254 sunt
892 1188 1123 1276 archiepiscopi
1145 1189 1291 1254 membra

240 1293 379 1379 propria,
420 1291 577 1378 proxima,
605 1297 640 1356 et
677 1292 889 1379 principalia;
911 1291 1062 1356 monachi
1099 1313 1177 1356 vero
1222 1315 1290 1356 non

240 1394 398 1471 similiter,
451 1393 508 1458 sed
553 1394 700 1480 pluribus
746 1394 925 1480 interjectis
970 1393 1086 1458 mediis
1131 1394 1173 1458 ab
1218 1395 1289 1480 ipso

240 1496 408 1581 sejuncta;
431 1481 507 1562 licet
541 1497 628 1560 enim
666 1497 895 1562 concederetur
932 1495 1019 1582 quod
1057 1497 1289 1561 monachorum

242 1604 422 1664 conventus
459 1604 544 1663 esset
589 1598 820 1686 archiepiscopi
865 1599 1052 1686 proximum
1096 1599 1287 1677 membrum,

240 1700 416 1765 secundum
440 1701 527 1786 quod
550 1701 618 1788 ipse
634 1707 684 1766 est
704 1723 771 1766 snae
794 1701 934 1788 propriae
949 1700 1096 1766 dioecesis
1111 1702 1287 1789 episcopus,

239 1803 326 1888 quod
359 1809 471 1868 tamen
502 1824 569 1867 non
601 1803 757 1883 concedit,
781 1809 820 1868 ut
852 1802 1020 1880 credimus,
1044 1802 1288 1868 archidiaconus

241 1904 493 1983 Cantuan'ensis,
517 1905 608 1970 nullo
624 1913 734 1970 tamen
749 1905 847 1970 modo
862 1910 996 1992 propter
1017 1904 1078 1969 hoc
1100 1913 1289 1991 sequeretur

239 2007 326 2092 quod
340 2007 428 2072 idem
452 2011 631 2073 conventus
646 2014 730 2073 esset
745 2007 890 2092 ejusdem
905 2007 1086 2072 membrum
1101 2008 1287 2093 proximum

238 2132 295 2174 seu
317 2110 501 2197 principale,
525 2110 703 2176 secundum
726 2110 811 2196 quod
843 2111 912 2196 ipse
934 2115 985 2174 est
1006 2108 1146 2174 Arelica
1167 2111 1288 2195 episco-

237 2233 360 2298 pcrum.
407 2212 471 2276 His
493 2212 614 2298 itaque,
629 2214 656 2277 si
679 2213 794 2299 placet,
810 2217 845 2276 ct
867 2211 1063 2296 hujusmodi,
1088 2233 1162 2297 quae
1176 2218 1288 2277 vestra

238 2315 331 2379 novit
353 2315 499 2379 eminens
521 2315 695 2401 prudentia
717 2315 895 2401 plurimum
918 2313 1103 2393 efficaciora,
1127 2335 1195 2378 non
1217 2320 1286 2378 tam

237 2417 362 2482 intuitu
384 2418 600 2482 subveniendi
623 2423 744 2482 nostrae
766 2417 906 2504 propriae
928 2417 1069 2482 instanti
1092 2418 1287 2496 necessitati,

237 2541 334 2604 quam
368 2541 426 2605 pro
460 2519 600 2584 ecelesiae
623 2520 814 2604 Anglicanae
848 2519 995 2585 utilitate
1018 2519 1190 2597 communi,
1215 2519 1286 2606 dig·

237 2627 335 2686 netur
368 2627 477 2686 vestra
508 2623 689 2708 paternitas
724 2622 855 2686 domino
885 2620 982 2708 Papee
1019 2621 1163 2699 suadere,
1197 2623 1287 2708 quod

239 2725 460 2811 episcoporum
483 2723 613 2810 Angliae
646 2725 851 2789 tribulationi
883 2728 918 2788 et
944 2724 1120 2810 multiplici
1154 2746 1286 2812 oppres·

236 2827 320 2890 sioni
349 2827 557 2913 compatiens,
580 2827 760 2892 remedium
792 2827 873 2892 velit
904 2847 1088 2914 apponere;
1109 2828 1188 2912 quia
1210 2829 1284 2908 nisi,

238 2930 316 3011 (non
347 2929 451 2992 solum
476 2929 566 2994 velut
596 2930 739 3008 nutanti,
774 2929 830 2994 sed
859 2928 989 2993 fortiter
1014 2929 1050 2992 in
1072 2950 1144 2994 eam
1166 2931 1285 3015 impin-

235 3031 388 3115 gentibus
411 3036 479 3096 tam
502 3032 654 3096 secularis
676 3032 850 3116 potestatis
881 3031 1076 3117 impulsibus
1107 3037 1142 3096 et
1173 3033 1286 3096 subdi-

237 3137 345 3198 torum
367 3133 604 3210 rebellionibus,
629 3156 728 3220 quam
750 3133 959 3220 subpeditare
982 3155 1055 3198 eam
1077 3133 1284 3200 molientium

233 3235 445 3300 tumultuosis
478 3242 513 3301 et
557 3235 772 3302 fraudulentis
809 3237 980 3301 conatibus
1017 3236 1110 3302 velut
1153 3238 1283 3302 ruinam

231 3337 301 3422 jam
323 3339 489 3423 minanti)
514 3339 688 3426 episcopali
710 3339 901 3404 auctoritati
934 3339 1031 3404 eitius
1053 3339 1185 3404 firmum
1207 3363 1283 3428 sup·

235 3447 378 3526 ponatur
421 3441 656 3518 fulcimentmn,
702 3442 846 3518 timetur,
886 3462 946 3506 nec
983 3441 1155 3522 immerito,
1194 3443 1284 3529 quod

235 3544 348 3608 domne
371 3544 511 3609 ecclesiae
541 3544 742 3630 Anglioanae,
774 3565 870 3630 super
901 3564 974 3608 eam
996 3549 1155 3630 tanquam
1186 3567 1284 3632 super

236 3647 419 3712 columnam
451 3647 647 3733 praecipuam
681 3645 849 3724 aedificata,
873 3646 1001 3732 patebit
1032 3646 1069 3710 in
1090 3647 1183 3712 brevi
1206 3670 1283 3714 con·

233 3749 372 3814 cussioni
394 3770 462 3813 non
477 3749 631 3828 modicee3
653 3755 687 3813 et
702 3749 780 3834 quia
793 3747 912 3813 sufficit
934 3746 1134 3814 occasionem
1148 3754 1281 3815 tantum

232 3851 308 3916 dare
345 3852 495 3937 sapienti,
541 3851 635 3916 vobis
680 3871 723 3915 ex
766 3849 889 3916 divinae
926 3850 1110 3937 largitionis
1147 3874 1281 3919 munere

231 3953 380 4040 praeditis
406 3953 531 4040 ingenii
554 3953 678 4018 vivacis
711 3953 897 4033 acrimonia,
920 3952 1107 4018 divinorum
1138 3954 1281 4040 eloquio-

232 4079 307 4122 rum
344 4055 572 4142 intelligentia,
611 4055 782 4142 utrinsque
814 4056 901 4141 juris
938 4055 1058 4142 peritia
1094 4061 1129 4122 et
1166 4057 1281 4123 diserti

231 4160 387 4224 sermonis
409 4159 561 4225 facundia
582 4165 617 4224 et
638 4159 675 4222 in
697 4159 837 4246 negotiis
859 4159 1082 4225 ecclesiasticis
1104 4159 1280 4246 multiplici

231 4269 265 4327 et
311 4262 441 4327 diutina
477 4261 687 4349 experientia,
726 4262 766 4327 de
805 4263 963 4349 praedicto
1011 4263 1143 4349 negotio
1183 4263 1280 4348 plma

232 4387 298 4429 non
321 4365 497 4442 scribimus,
513 4387 555 4430 ne
578 4365 749 4430 videamur
763 4366 857 4450 quasi
872 4364 997 4430 facibus
1014 4365 1133 4450 juvere
1154 4365 1278 4447 solem;

231 4466 288 4533 sed
310 4467 394 4532 illud
416 4467 655 4554 expediendum
677 4473 795 4534 vestrae
818 4468 937 4552 saepius
962 4467 1108 4553 probatae
1129 4467 1278 4534 sineeris-
