3500 5784
575 877 865 946 ‚mmmm

265 1055 423 1143 quatinus
445 1055 488 1122 ad
520 1055 649 1121 tantam
670 1051 712 1120 de
741 1051 839 1118 domo
860 1051 998 1119 Domini
1029 1047 1306 1116 abominationem

259 1157 449 1236 tollendam,
478 1177 664 1244 congruum
686 1159 816 1244 satagat
836 1152 1010 1242 providem
1029 1151 1217 1218 remedium

304 1262 468 1330 Oaetemm
483 1281 558 1326 curn
580 1260 719 1326 sciamus
740 1279 800 1326 vos
822 1279 892 1324 non
912 1256 1119 1323 mediocriter
1138 1253 1304 1320 affectasse
1316 1266 1449 1321 uacuas

259 1369 298 1430 ut
319 1363 494 1430 commotio
514 1363 603 1428 inter
625 1382 687 1427 nos
709 1365 744 1428 et
770 1360 955 1448 capitulum
976 1363 1126 1426 nostrum
1147 1356 1305 1422 suscitata
1315 1337 1452 1454 ffiffl

258 1467 434 1544 sedaretur,
457 1465 501 1530 ad
521 1469 592 1530 tam
615 1463 722 1530 sancti
745 1462 896 1529 desiderii
927 1465 1027 1528 aestus
1056 1459 1301 1546 aliquantulam,
1315 1472 1432 1534 acepta

258 1575 297 1636 ut
319 1589 493 1655 speramus,
517 1565 804 1654 refrigerationem,
826 1568 946 1632 restrae
966 1567 1088 1632 sanctae
1109 1536 1438 1667 paternitatum

258 1670 479 1758 significamus
516 1668 605 1755 quod
642 1668 709 1734 cito
752 1671 830 1754 post
850 1713 853 1718 -
871 1667 1091 1754 receptionem
1134 1665 1451 1748 literarumptehtv·

257 1778 448 1852 restrarum,
480 1771 601 1859 quibus
634 1770 723 1836 inter
754 1774 885 1838 cretam.
907 1793 968 1838 nos
1004 1769 1179 1836 affectuose
1216 1736 1465 1868 com-¹2⁸0&

116 1891 127 1912 ·
258 1875 441 1957 monuistis,
462 1879 503 1941 ut
523 1878 652 1940 nosmet
680 1877 933 1960 temperaremus
954 1872 998 1938 ab
1026 1873 1080 1938 his
1108 1872 1146 1936 in
1175 1870 1302 1956 quibus,
1315 1885 1440 1924 ΜΝ·

258 1979 328 2046 sive
345 1978 436 2064 juste
462 1977 533 2044 sire
566 1975 697 2063 injuste,
719 1976 914 2062 pradictum
944 1975 1124 2063 capitulum
1153 1977 1304 2040 nostrum

258 2080 479 2146 sentiebamus
500 2078 718 2156 molestatum,
742 2078 922 2146 obtulimus
943 2077 1049 2145 eidam
1063 2077 1206 2164 capitulo
1223 2077 1305 2142 duas

122 2267 125 2276 ,
259 2181 379 2248 formas
400 2181 489 2258 satis,
512 2186 550 2248 ut
573 2179 741 2260 credimus,
765 2181 926 2262 honestas,
949 2185 985 2247 ot
1007 2180 1051 2246 ad
1072 2180 1195 2246 dictam
1220 2199 1305 2244 com-

259 2285 438 2350 motionsm
460 2283 635 2350 sedandam
658 2281 819 2364 efficaces3
842 2283 900 2348 sed
921 2283 969 2350 eis
990 2288 1164 2370 utramque
1192 2303 1305 2349 earum

93 2373 97 2380 ¹
137 2464 140 2471 7
207 2383 211 2408 '
260 2385 494 2467 recusantibus,
505 2385 640 2452 tandem
654 2384 940 2452 condescendimus
953 2386 997 2452 ad
1010 2385 1147 2452 formam
1161 2385 1305 2464 tertiam,

127 2477 132 2486 ’
260 2490 296 2553 in
327 2509 425 2574 quam
457 2492 492 2554 et
524 2487 589 2574 ipsi
624 2492 865 2567 cousensenmt,
889 2510 996 2574 quarn,
1019 2487 1235 2576 praesentibus
1255 2488 1305 2552 in·

260 2591 389 2668 clusam,
413 2589 631 2678 supplicamus
652 2595 693 2656 ut
714 2595 826 2657 vestra
846 2592 1036 2678 paternitas,
1058 2591 1135 2656 licet
1157 2590 1305 2677 pluribus

260 2696 423 2781 occupata,
447 2713 516 2758 non
551 2696 716 2780 gravetur·
742 2693 925 2781 inspice1·c;
953 2693 1133 2781 plurimum
1163 2711 1305 2777 namque

260 2792 480 2860 desideramus
502 2793 582 2880 quid
603 2815 699 2882 super
720 2793 834 2860 eadem
855 2795 960 2861 forma
981 2799 1099 2862 vcstrae
1120 2791 1306 2860 sanctitatis

259 2895 488 2963 discretionem
510 2895 663 2982 videatur
684 2893 900 2984 agnoscere¹z
924 2895 1063 2984 urgebat
1084 2916 1225 2982 namque
1246 2915 1307 2960 nos

214 3025 221 3040 ·
261 2999 304 3064 ad
346 2996 666 3064 condescendendum
704 2997 748 3062 ad
791 2997 882 3063 illam
918 3020 1074 3086 magnum
1110 2995 1307 3064 desiderium

260 3099 396 3167 sedandi
443 3103 576 3165 tantum
621 3105 754 3186 tamque
782 3099 1012 3168 turbulentum
1043 3103 1096 3167 tot
1132 3105 1167 3166 et
1198 3104 1307 3166 tanto-

261 3225 334 3268 rum
367 3202 559 3282 tumultum,
597 3206 631 3268 et
664 3201 801 3268 tollendi
837 3201 1037 3270 messionem
1073 3201 1305 3283 scandalorum,

262 3305 503 3392 obturandique
535 3325 594 3370 ora
627 3304 859 3388 detractorum,
882 3305 1087 3372 mendacium
1116 3310 1154 3373 et
1173 3305 1308 3370 maledi-

116 3397 147 3468 .'
263 3429 393 3502 corum3
430 3411 465 3473 et
501 3407 635 3496 insuper
659 3406 840 3472 multorum
876 3408 1089 3495 prudentium
1126 3408 1305 3487 consilium,

262 3511 339 3575 licet
382 3530 425 3576 ex
477 3513 570 3596 parte
627 3507 691 3575 alia
753 3509 1027 3576 consideraremus
1078 3511 1195 3578 melius
1239 3532 1307 3577 csse

200 3611 202 3618 '
262 3610 450 3678 scandalum
481 3609 558 3676 oriri
590 3632 689 3696 quam
722 3611 872 3678 veritatis
904 3616 938 3679 et
967 3611 1084 3694 salutis
1123 3613 1307 3678 animarum

263 3713 404 3782 officium
448 3713 602 3800 deperire,
647 3713 853 3800 multumque
897 3715 1086 3782 timeremus
1129 3719 1166 3782 st
1201 3715 1309 3781 adhuc

261 3813 439 3886 ,timeamus
459 3815 606 3882 neforto
628 3817 737 3884 minus
765 3818 944 3903 prudenter
973 3819 1018 3885 ad
1047 3818 1139 3884 illam
1170 3817 1308 3886 formam

262 3918 591 3998 condescenderimus,
613 3939 695 3998 cum,
727 3921 905 3986 secundum
938 3942 1020 4003 eam,
1042 3920 1244 4010 posuerimus
1271 3923 1308 3986 in

265 4021 478 4110 questionem
499 4027 534 4088 et
559 4021 620 4088 sub
638 4021 798 4108 judicium
820 4023 1019 4091 visitationis
1041 4024 1190 4106 officinm,
1221 4026 1308 4110 quod

138 4124 145 4134 '
264 4125 458 4193 auctoritate
481 4123 607 4191 domini
629 4123 729 4212 Papte
760 4125 889 4192 suffulti
910 4149 1085 4214 possemus,
1107 4134 1147 4196 ut
1166 4129 1307 4210 videtur,

265 4224 394 4313 plenius
414 4223 602 4304 exercuisse,
618 4224 769 4310 quamvis
789 4247 858 4292 non
878 4225 950 4292 sino
963 4227 1141 4297 multorum
1162 4228 1309 4296 tumultu

199 4385 200 4388 ,
264 4332 300 4394 et
329 4324 528 4406 rebellione;
558 4329 593 4392 et
629 4347 674 4391 ne
709 4325 792 4393 forle
821 4327 973 4394 dominns
1007 4327 1100 4419 Papa
1132 4353 1192 4418 pro
1221 4330 1310 4398 malo

129 4491 139 4503 ,
266 4428 398 4508 habeat,
443 4428 536 4514 quasi
580 4427 833 4516 pusillanimiter
877 4431 1067 4498 desierimus
1108 4432 1310 4501 visitationis

268 4531 409 4598 officium
431 4531 561 4618 exequi,
583 4553 657 4598 cum
679 4536 719 4598 ut
743 4531 780 4598 id
800 4532 903 4600 libere
923 4555 1164 4623 exequeremur,
1186 4557 1247 4605 nos
1268 4538 1310 4604 de

595 4787 755 4857 ’samael
777 4789 952 4858 usnam
