3500 5784
493 801 558 873 274
819 821 968 871 nonnam
989 821 1222 872 aaossmrsrn

493 996 561 1061 sint
583 995 757 1083 spiritales,
781 1019 894 1063 aarum
916 999 1159 1064 crudelissimus
1180 998 1311 1074 occisor,
1332 1017 1394 1084 pre
1419 995 1542 1081 qmbus

492 1099 702 1164 vivificandis
742 1101 864 1165 occisus
907 1107 959 1167 est
1001 1103 1166 1189 piissimus
1210 1101 1327 1164 mundi
1363 1099 1544 1165 Salvator?

493 1201 565 1267 Nec
602 1202 709 1267 solum
746 1203 864 1268 incidit
897 1204 934 1267 in
966 1203 1158 1289 hujusmodi
1193 1209 1323 1269 reatum
1361 1199 1543 1277 homicidii,

493 1306 551 1392 qui
574 1307 679 1371 sciens
710 1309 745 1371 et
777 1306 893 1372 volens
922 1307 1050 1372 animas
1079 1307 1187 1372 tradit
1216 1306 1391 1371 salvandas
1412 1303 1544 1369 salvara

493 1407 678 1494 impotenti,
711 1414 771 1473 aut
801 1409 978 1495 ignoranti,
1016 1415 1077 1474 ant
1109 1409 1311 1496 negligenti5
1341 1408 1401 1475 sed
1431 1411 1467 1472 et
1503 1405 1543 1468 in

493 1509 643 1597 pluribus
679 1511 737 1597 qui
774 1532 828 1576 eas
866 1511 1048 1578 committit
1084 1513 1146 1577 tali
1190 1511 1359 1592 curandas,
1396 1510 1438 1575 de
1475 1527 1543 1594 quo

492 1613 625 1698 penitus
645 1611 777 1698 ignorat
799 1613 906 1698 qualis
927 1614 973 1679 sit
1002 1613 1040 1678 in
1068 1615 1219 1700 potentia
1240 1619 1301 1679 aut
1322 1612 1461 1679 scientia
1480 1612 1544 1674 aut

491 1715 665 1779 voluntate
687 1715 831 1780 curandi
877 1716 951 1780 Etsi
972 1717 1062 1782 enim
1082 1716 1227 1782 accidere
1255 1716 1360 1803 possit
1387 1716 1542 1801 ignotum

492 1838 561 1882 esse
594 1815 637 1880 ad
670 1818 816 1903 regimen
838 1819 1023 1883 animarum
1044 1818 1199 1884 idoneum
1206 1844 1216 1898 ;
1244 1841 1312 1884 non
1341 1821 1542 1892 esttamen,

355 1919 357 1922 ’
492 1919 522 1984 si
543 1920 605 1985 hoc
626 1919 762 1997 accidat,
785 1921 939 2007 ignotum
960 1921 1169 2008 praefidentis
1192 1943 1321 2002 munus,
1344 1921 1402 1986 sed
1430 1918 1544 2006 potins

492 2021 647 2088 fortunae:
672 2021 700 2088 si
722 2028 835 2088 autem
858 2023 1045 2110 incognitus
1060 2025 1105 2090 sit
1123 2021 1234 2090 minus
1255 2023 1399 2101 idoneus,
1422 2021 1543 2085 merito

492 2124 713 2211 imputabitur
735 2125 796 2190 hoc
818 2125 1027 2212 praeficienti3
1049 2126 1137 2214 qnia,
1160 2149 1202 2193 ne
1226 2127 1330 2191 talem
1351 2124 1542 2212 praeficeret,

492 2226 609 2292 debuit
643 2226 819 2314 diligenter
852 2229 1051 2316 praecavisse.
1099 2228 1165 2308 Qui
1198 2230 1287 2295 enim
1319 2229 1483 2315 sagittans
1504 2226 1542 2288 in

492 2329 606 2407 locum,
631 2351 808 2417 perquem
831 2331 929 2396 novit
950 2335 1144 2398 consuetum
1166 2351 1236 2396 cese
1268 2335 1314 2413 ct
1336 2330 1541 2416 frequentem

493 2432 664 2498 hominum
701 2434 889 2512 transitum,
922 2433 1042 2499 occidit
1072 2430 1224 2520 aliquem,
1258 2432 1338 2500 licat
1369 2433 1542 2519 ignorans3

493 2559 561 2602 non
584 2540 719 2602 excusat
741 2554 817 2601 eum
839 2535 1027 2622 hujusmodi
1048 2538 1245 2624 ignorantia,
1260 2536 1318 2602 sed
1340 2535 1445 2622 magis
1467 2555 1545 2598 reus

494 2645 544 2705 est
566 2639 735 2705 homicidii
757 2641 945 2726 perpetrati,
970 2641 1049 2726 quia
1070 2645 1248 2726 antequam
1269 2639 1426 2726 sagittam
1447 2634 1546 2703 emit-

493 2747 588 2823 teret,
611 2742 830 2808 considerasse
852 2739 1029 2828 diligenter
1050 2741 1167 2807 debuit
1197 2760 1239 2807 ne
1261 2742 1345 2807 forte
1368 2741 1546 2826 quisquam

492 2865 635 2932 praesens
656 2843 780 2911 ibidem
802 2850 883 2910 tunc
904 2843 1011 2909 fuerit.
1058 2843 1141 2910 Haec
1163 2845 1275 2929 itaque
1297 2847 1332 2909 ct
1353 2843 1547 2929 hujusmodi

493 2947 662 3014 nobiscum
685 2950 873 3027 tractantes,
905 2951 941 3012 et
970 2947 1179 3012 attendentes
1201 2947 1291 3033 siqui
1313 2946 1485 3012 Christum
1508 2945 1546 3009 in

494 3050 650 3114 membris
682 3050 750 3114 suis
781 3069 849 3114 non
881 3054 1054 3136 paverunt,
1079 3047 1133 3114 vel
1156 3052 1367 3135 potaverunt,
1390 3049 1446 3114 vel
1468 3048 1547 3114 hos-

492 3152 575 3239 pitio
612 3156 829 3238 susceperunt,
868 3153 924 3216 vel
965 3151 1145 3217 induerunt
1181 3173 1240 3217 seu
1275 3153 1466 3232 visitarunt,
1501 3151 1550 3217 iae

492 3254 610 3340 tynam
640 3261 807 3320 oeternum
828 3253 933 3320 ibunt
965 3253 1026 3340 qai
1044 3261 1266 3340 properatus
1287 3261 1335 3320 cst
1356 3251 1494 3320 diabolo
1516 3259 1549 3320 et

493 3357 627 3443 mapalis
647 3355 723 3422 auia
732 3381 747 3438 ,·
786 3361 912 3442 quanta
948 3356 1092 3443 graviori
1128 3377 1228 3443 poena
1258 3361 1338 3422 cunt
1359 3357 1454 3444 digni
1485 3357 1550 3444 qni

492 3461 601 3547 ipsum
623 3459 660 3524 in
681 3457 835 3525 membris
857 3459 925 3524 suis
947 3457 1151 3539 occidenmt3
1186 3461 1384 3545 quantisque
1416 3465 1550 3525 coarta-

493 3563 620 3629 buntur
657 3563 826 3649 angrrstiic,
865 3583 938 3626 cum
965 3559 1047 3645 Ejus
1083 3562 1270 3648 conspectui
1301 3562 1338 3626 in
1371 3563 1550 3630 tremendo

489 3665 615 3752 judicio
637 3666 946 3751 praesentabunturi
990 3663 1034 3727 In
1066 3664 1227 3729 tradenda
1257 3664 1442 3730 animarum
1464 3687 1550 3733 cura

492 3767 556 3832 toti
588 3767 707 3831 timore
738 3767 951 3844 concutimur,
983 3785 1027 3830 ne
1059 3765 1143 3831 forte
1175 3786 1235 3852 pro
1268 3765 1548 3852 vivificatoribus,

492 3891 546 3934 eas
569 3868 764 3934 occisoribus
787 3887 999 3956 exponamus,
1025 3889 1063 3932 cc
1096 3868 1289 3955 nosmetipsi
1321 3888 1381 3956 per
1411 3869 1474 3936 hoc
1510 3871 1550 3937 in

492 3971 659 4037 tremendo
688 3969 814 4056 judicio
846 3989 920 4038 cum
954 3969 1125 4036 homicidis
1156 3971 1416 4038 condemnemur.
1472 3972 1549 4040 Isto

491 4074 604 4160 itaque
627 4072 745 4140 timore
774 4095 834 4139 nos
866 4076 1023 4153 arctante,
1046 4077 1281 4159 presentatum
1303 4075 1347 4138 ad
1373 4075 1548 4142 eccleciam

492 4176 533 4241 de
557 4175 681 4255 Castro,
706 4197 804 4262 quem
826 4178 959 4264 penitus
981 4174 1054 4260 quis
1078 4179 1112 4240 et
1134 4175 1240 4261 qualis
1262 4176 1308 4241 sit
1329 4173 1372 4241 ad
1394 4178 1548 4264 regimen

490 4279 675 4342 animarum
712 4279 909 4364 ignoramus,
947 4298 1015 4342 non
1039 4277 1239 4355 admisimus,
1273 4299 1334 4344 nec
1364 4279 1548 4347 admittere

489 4379 711 4444 recusavimus
718 4405 728 4460 ;
761 4380 818 4445 sed
851 4386 970 4446 vestrm
1001 4379 1212 4465 paternitatis
1245 4379 1446 4462 discretioni,
1469 4405 1549 4469 qnae

490 4481 616 4548 dietum
638 4481 736 4548 novit
757 4485 1003 4569 praesentatum,
1036 4485 1071 4546 et
1100 4481 1220 4546 animae
1242 4482 1346 4568 ipsius
1365 4490 1416 4550 et
1447 4508 1550 4572 paro

488 4579 680 4649 chianorum
702 4583 801 4649 dictae
814 4582 968 4650 'ecclesia
990 4603 1101 4647 curam
1122 4579 1209 4669 gerit
1230 4589 1265 4649 et
1287 4584 1550 4669 solicitudinem,

489 4683 636 4771 ejusdem
673 4685 815 4754 ecclesiae
852 4687 915 4753 hae
951 4684 1032 4766 vice,
1070 4686 1180 4772 quoad
1218 4685 1322 4773 ipsios
1344 4693 1550 4778 pmsentsti
