3500 5784
472 858 539 923 342
795 868 943 922 acanum
965 865 1194 921 uaeasmnara

471 1052 506 1113 et
532 1044 848 1134 magnanimitatem,
882 1044 1043 1125 laudabit,
1070 1044 1215 1131 juvabit,
1247 1046 1282 1111 ot
1314 1040 1526 1131 promovebit

470 1172 574 1236 usque
610 1150 652 1214 ad
686 1149 1009 1214 consummationem.
1056 1148 1148 1213 Sciat
1178 1166 1307 1237 qnoque
1341 1164 1399 1234 pro
1433 1150 1526 1212 certo

469 1257 581 1317 veatra
601 1251 793 1330 dominatio,
817 1250 906 1337 quod
932 1251 1119 1337 quicunque
1140 1250 1236 1339 vobin
1266 1251 1303 1315 in
1333 1250 1394 1315 hac
1427 1252 1527 1335 parte

471 1354 562 1419 aliud
577 1350 775 1432 consulunt,
800 1353 918 1418 honori
946 1354 1036 1440 regio
1062 1371 1129 1418 non
1150 1352 1359 1440 prospiciunt
1404 1350 1527 1419 Valeat

472 1456 655 1523 dominatio
676 1459 788 1521 vautra
809 1475 937 1543 semper
958 1456 995 1520 in
1019 1453 1167 1521 Domino.

949 1808 1050 1874 OXX.

342 1992 425 2041 later
480 1976 650 2057 Robertua,
674 1974 741 2044 Dei
764 1974 884 2063 qratia
906 1970 1163 2042 lincolniemia
1184 1974 1381 2062 Eptecopua,
1406 1972 1528 2041 dilecto

564 2080 608 2147 ire
639 2078 771 2147 Uiriato
796 2078 887 2165 filio,
917 2078 1081 2163 emetatro
1110 2076 1270 2145 domnoc·
1296 2078 1337 2144 de
1368 2076 1527 2165 officiove,

563 2180 702 2250 dommi
731 2181 838 2268 Papoe
874 2178 1059 2267 capellano,
1095 2180 1247 2260 aetutem,
1284 2180 1445 2268 qratiam,
1495 2186 1529 2246 ct

565 2281 840 2352 benedictionem.

310 2466 464 2519 amem
520 2456 593 2543 Ego
625 2460 660 2521 et
693 2454 796 2520 frater
818 2454 895 2519 Ada
921 2452 962 2519 de
989 2452 1137 2533 Mariaeo,
1170 2452 1227 2539 qui
1253 2472 1312 2519 vos
1345 2453 1531 2541 specialiter

309 2535 465 2651 gdffi
476 2558 588 2646 muge
610 2555 647 2623 in
671 2555 823 2635 nomino,
849 2554 1030 2642 plurimum
1055 2556 1122 2619 uno
1145 2555 1277 2621 omnino
1308 2556 1531 2623 desideramus

309 2682 426 2745 metr
478 2660 567 2748 quod
595 2660 633 2725 in
658 2658 816 2745 Angliam
839 2658 992 2735 veniatia
1017 2656 1141 2723 ibidem
1166 2659 1326 2724 moraturi
1350 2658 1388 2724 in
1413 2660 1532 2725 minis·

309 2749 446 2851 ffiffh„
477 2764 563 2830 terio
593 2762 678 2829 Jeau
712 2760 838 2826 Christi
868 2766 904 2825 et
935 2759 1051 2825 salutis
1084 2761 1276 2839 animarum,
1315 2784 1375 2847 pro
1408 2762 1531 2848 quibus

312 2866 467 2918 ‘1²0an
479 2866 556 2953 Ipse
578 2864 772 2952 sanguinem
794 2884 889 2930 auum
913 2860 1009 2927 fudit.
1057 2860 1124 2929 Hie
1147 2864 1243 2941 enim,
1268 2868 1383 2929 tantus
1407 2864 1533 2929 anima-

311 2934 420 3051 iffi,
478 2990 554 3034 rum
587 2967 731 3044 dilector,
755 2964 851 3031 vobia
885 2964 1026 3030 tradidit
1059 2964 1134 3051 puri
1164 2964 1287 3029 metalli
1320 2971 1354 3031 et
1383 2966 1533 3052 probatae

311 3067 430 3132 nnglmd
480 3074 622 3136 monetoe
636 3068 800 3134 talentum
814 3067 960 3133 acientiae
975 3065 1151 3131 ministerii
1166 3066 1290 3147 salutis,
1310 3072 1344 3133 et
1366 3068 1531 3134 talentum

312 3133 429 3265 binii&
443 3173 639 3261 ospotentiae
668 3170 821 3257 ejusdem,
852 3168 1016 3234 talentum
1046 3190 1175 3255 quoque
1205 3190 1291 3235 curae
1324 3170 1532 3253 animarum

311 3267 386 3317 ⁸⁰⁰¹*
481 3278 517 3341 at
546 3274 607 3340 boc
639 3272 855 3359 proculdubio
887 3292 955 3335 non
984 3274 1024 3335 ut
1057 3290 1097 3335 aa
1119 3271 1293 3357 vaporantia
1312 3272 1357 3338 ire
1378 3272 1532 3351 andario,

315 3349 415 3467 ἓξὲξ·
428 3422 468 3466 20·
481 3376 539 3442 sed
571 3380 612 3441 ut
644 3376 681 3439 in
712 3374 760 3441 eia
790 3372 1022 3458 negotiamini
1052 3372 1138 3439 dum
1159 3373 1296 3453 oerwrit,
1329 3380 1364 3441 et
1396 3376 1438 3441 de
1475 3396 1535 3442 ne·

413 3454 421 3479 ’
480 3478 662 3567 gotiatione
686 3475 944 3563 multiplicatum
968 3475 1105 3553 lucrum,
1135 3496 1204 3539 non
1233 3474 1325 3541 aliud
1352 3498 1412 3563 pro
1441 3482 1532 3543 certo

481 3602 580 3667 quam
594 3578 735 3645 salutem
750 3577 945 3656 animarum,
962 3576 999 3641 iu
1016 3576 1070 3642 die
1088 3576 1251 3641 adventus
1268 3578 1320 3643 sui
1337 3580 1532 3665 reportetis:

481 3682 646 3748 adventus
681 3684 794 3745 autem
832 3679 941 3766 Ipsius
987 3678 1056 3743 diea
1100 3678 1316 3765 proculdubio
1355 3681 1534 3769 unicuique

481 3788 641 3863 nostrum,
664 3782 733 3849 dies
755 3786 806 3848 eet
828 3782 880 3847 sui
902 3782 944 3847 de
966 3780 1027 3847 bac
1041 3780 1115 3847 vita
1136 3802 1297 3863 recessum
1319 3784 1377 3869 qui
1401 3786 1534 3869 quando

482 3888 588 3953 instat
603 3884 737 3951 omnino
754 3889 806 3950 eat
819 3885 981 3949 incertum
996 3908 1004 3963 ;
1025 3882 1242 3949 certissimum
1257 3890 1369 3951 tamen
1384 3887 1474 3973 quod
1497 3888 1536 3953 in

483 3989 599 4070 brevi3
632 3988 784 4075 quodque
817 4008 885 4051 non
923 3990 1094 4071 rep'ortana
1131 3992 1211 4052 tuno
1248 3987 1288 4053 de
1325 3988 1466 4077 impigra
1499 3996 1536 4057 et

484 4091 620 4167 solicita
648 4090 807 4177 prudenti
829 4108 960 4175 quoque
985 4109 1023 4151 ac
1046 4086 1137 4153 fideli
1162 4088 1384 4176 negotiatione
1410 4093 1447 4157 in
1470 4092 1538 4159 sibi

486 4193 664 4263 commissis
697 4190 832 4257 talentis
862 4188 1060 4255 conveniens
1092 4190 1229 4271 luorum
1262 4191 1381 4258 ablatis
1414 4194 1456 4259 ab
1496 4218 1536 4262 eo

320 4324 430 4379 am
487 4296 632 4375 talentis,
656 4293 773 4379 bootia
801 4290 965 4359 metuo
997 4298 1027 4357 et
1053 4291 1200 4377 podibus
1225 4314 1268 4357 ex
1288 4294 1439 4379 judiciali
1461 4320 1537 4363 aen·

320 4408 386 4445 ¹²¹¹·
403 4398 441 4444 1³·
487 4400 595 4467 tentia
613 4394 868 4496 protectionic
890 4392 1041 4461 tembroa
1058 4393 1241 4474 coarmata,
1264 4394 1325 4463 abt
1342 4396 1407 4465 erit
1429 4398 1538 4485 fletae

797 4750 804 4779 ¹
821 4744 961 4815 consulant]
979 4746 1102 4811 consiluit,
1113 4748 1205 4801 c.c.c.
