<?xml version="1.0" encoding="UTF-8"?>
<!DOCTYPE html PUBLIC "-//W3C//DTD XHTML 1.0 Transitional//EN"
    "http://www.w3.org/TR/xhtml1/DTD/xhtml1-transitional.dtd">
<html xmlns="http://www.w3.org/1999/xhtml" xml:lang="en" lang="en">
 <head>
  <title>
</title>
<meta http-equiv="Content-Type" content="text/html;charset=utf-8" />
  <meta name='ocr-system' content='tesseract 3.04.00' />
  <meta name='ocr-capabilities' content='ocr_page ocr_carea ocr_par ocr_line ocrx_word'/>
</head>
<body>
  <div class='ocr_page' id='page_1' title='image "./robertigrossete00luargoog_0477.png"; bbox 0 0 3500 5784; ppageno 0'>
   <div class='ocr_carea' id='block_1_1' title="bbox 438 848 1159 914">
    <p class='ocr_par' dir='ltr' id='par_1_1' title="bbox 438 848 1159 914">
     <span class='ocr_line' id='line_1_1' title="bbox 438 848 1159 914; baseline 0.003 -3"><span class='ocrx_word' id='word_1_1' title='bbox 438 848 504 911; x_wconf 77' lang='lat'><strong>334</strong></span> <span class='ocrx_word' id='word_1_2' title='bbox 758 861 906 913; x_wconf 81' lang='lat' dir='ltr'><strong>aonmrr</strong></span> <span class='ocrx_word' id='word_1_3' title='bbox 929 862 1159 914; x_wconf 80' lang='lat' dir='ltr'><strong>osossmnsrn</strong></span> 
     </span>
    </p>
   </div>
   <div class='ocr_carea' id='block_1_2' title="bbox 900 1192 1022 1263">
    <p class='ocr_par' dir='ltr' id='par_1_2' title="bbox 900 1192 1022 1263">
     <span class='ocr_line' id='line_1_2' title="bbox 900 1192 1022 1263; baseline 0.033 -4"><span class='ocrx_word' id='word_1_4' title='bbox 900 1192 1022 1263; x_wconf 78' lang='lat' dir='ltr'>CXIV.</span> 
     </span>
    </p>
   </div>
   <div class='ocr_carea' id='block_1_3' title="bbox 315 1360 1489 1453">
    <p class='ocr_par' dir='ltr' id='par_1_3' title="bbox 315 1360 1489 1453">
     <span class='ocr_line' id='line_1_3' title="bbox 315 1360 1489 1453; baseline 0.008 -26"><span class='ocrx_word' id='word_1_5' title='bbox 315 1360 387 1407; x_wconf 73' lang='lat'><strong>¹²⁴⁵·</strong></span> <span class='ocrx_word' id='word_1_6' title='bbox 438 1362 609 1443; x_wconf 70' lang='lat' dir='ltr'><strong>Roteues,</strong></span> <span class='ocrx_word' id='word_1_7' title='bbox 640 1364 707 1431; x_wconf 83' lang='lat' dir='ltr'><strong>Det</strong></span> <span class='ocrx_word' id='word_1_8' title='bbox 734 1367 851 1453; x_wconf 59' lang='lat' dir='ltr'><strong>protea</strong></span> <span class='ocrx_word' id='word_1_9' title='bbox 871 1364 1128 1433; x_wconf 79' lang='lat' dir='ltr'><strong>Lioeoloieoeis</strong></span> <span class='ocrx_word' id='word_1_10' title='bbox 1142 1364 1339 1453; x_wconf 70' lang='lat' dir='ltr'><strong>Episcopum,</strong></span> <span class='ocrx_word' id='word_1_11' title='bbox 1367 1363 1489 1433; x_wconf 74' lang='lat' dir='ltr'><strong>dilecto</strong></span> 
     </span>
    </p>
   </div>
   <div class='ocr_carea' id='block_1_4' title="bbox 269 1466 1489 1536">
    <p class='ocr_par' dir='ltr' id='par_1_4' title="bbox 269 1466 1489 1536">
     <span class='ocr_line' id='line_1_4' title="bbox 269 1466 1489 1536; baseline 0.005 -9"><span class='ocrx_word' id='word_1_12' title='bbox 269 1477 409 1530; x_wconf 76' lang='lat' dir='ltr'><strong>⁸wi11um</strong></span> <span class='ocrx_word' id='word_1_13' title='bbox 527 1467 594 1533; x_wconf 79' lang='lat' dir='ltr'><strong>eibi</strong></span> <span class='ocrx_word' id='word_1_14' title='bbox 609 1468 651 1533; x_wconf 80' lang='lat' dir='ltr'><strong>io</strong></span> <span class='ocrx_word' id='word_1_15' title='bbox 668 1466 801 1535; x_wconf 62' lang='lat' dir='ltr'><strong>olmeto</strong></span> <span class='ocrx_word' id='word_1_16' title='bbox 814 1468 936 1535; x_wconf 74' lang='lat' dir='ltr'><strong>Fratri</strong></span> <span class='ocrx_word' id='word_1_17' title='bbox 947 1484 963 1517; x_wconf 60' lang='grc' dir='ltr'>ὓ</span> <span class='ocrx_word' id='word_1_18' title='bbox 977 1468 1177 1536; x_wconf 78' lang='lat' dir='ltr'><strong>Ministerio</strong></span> <span class='ocrx_word' id='word_1_19' title='bbox 1191 1468 1357 1535; x_wconf 74' lang='lat' dir='ltr'><strong>Fratrum</strong></span> <span class='ocrx_word' id='word_1_20' title='bbox 1371 1468 1489 1533; x_wconf 78' lang='lat' dir='ltr'><strong>Mino-</strong></span> 
     </span>
    </p>
   </div>
   <div class='ocr_carea' id='block_1_5' title="bbox 269 1545 1488 1661">
    <p class='ocr_par' dir='ltr' id='par_1_5' title="bbox 269 1545 1488 1661">
     <span class='ocr_line' id='line_1_5' title="bbox 269 1545 1488 1661; baseline -0.008 -18"><span class='ocrx_word' id='word_1_21' title='bbox 269 1545 426 1661; x_wconf 57' lang='lat' dir='ltr'>fflffi&#39;ss&#39;</span> <span class='ocrx_word' id='word_1_22' title='bbox 526 1592 609 1637; x_wconf 76' lang='lat' dir='ltr'><strong>rum</strong></span> <span class='ocrx_word' id='word_1_23' title='bbox 637 1570 681 1637; x_wconf 81' lang='lat' dir='ltr'><strong>io</strong></span> <span class='ocrx_word' id='word_1_24' title='bbox 702 1570 846 1657; x_wconf 66' lang='lat' dir='ltr'><strong>septu,</strong></span> <span class='ocrx_word' id='word_1_25' title='bbox 870 1572 1016 1639; x_wconf 82' lang='lat' dir='ltr'><strong>sulutem</strong></span> <span class='ocrx_word' id='word_1_26' title='bbox 1041 1578 1071 1638; x_wconf 87' lang='lat' dir='ltr'><strong>et</strong></span> <span class='ocrx_word' id='word_1_27' title='bbox 1093 1571 1267 1639; x_wconf 72' lang='lat' dir='ltr'><strong>simarum</strong></span> <span class='ocrx_word' id='word_1_28' title='bbox 1280 1571 1323 1637; x_wconf 80' lang='lat' dir='ltr'><strong>iu</strong></span> <span class='ocrx_word' id='word_1_29' title='bbox 1337 1568 1488 1636; x_wconf 78' lang='lat' dir='ltr'><strong>Domino</strong></span> 
     </span>
    </p>
   </div>
   <div class='ocr_carea' id='block_1_6' title="bbox 528 1672 939 1761">
    <p class='ocr_par' dir='ltr' id='par_1_6' title="bbox 528 1672 939 1761">
     <span class='ocr_line' id='line_1_6' title="bbox 528 1672 939 1761; baseline 0.002 -21"><span class='ocrx_word' id='word_1_30' title='bbox 528 1672 683 1740; x_wconf 74' lang='lat' dir='ltr'><strong>caritatis</strong></span> <span class='ocrx_word' id='word_1_31' title='bbox 705 1680 939 1761; x_wconf 62' lang='lat' dir='ltr'><strong>summatum.</strong></span> 
     </span>
    </p>
   </div>
   <div class='ocr_carea' id='block_1_7' title="bbox 270 1832 1488 1921">
    <p class='ocr_par' dir='ltr' id='par_1_7' title="bbox 270 1832 1488 1921">
     <span class='ocr_line' id='line_1_7' title="bbox 270 1832 1488 1921; baseline 0.017 -32"><span class='ocrx_word' id='word_1_32' title='bbox 270 1838 428 1892; x_wconf 67' lang='lat' dir='ltr'><strong>samsona</strong></span> <span class='ocrx_word' id='word_1_33' title='bbox 485 1832 589 1898; x_wconf 88' lang='lat' dir='ltr'><strong>Veros</strong></span> <span class='ocrx_word' id='word_1_34' title='bbox 621 1854 689 1899; x_wconf 89' lang='lat' dir='ltr'><strong>nou</strong></span> <span class='ocrx_word' id='word_1_35' title='bbox 725 1832 881 1899; x_wconf 86' lang='lat' dir='ltr'><strong>molestat</strong></span> <span class='ocrx_word' id='word_1_36' title='bbox 906 1833 1036 1915; x_wconf 83' lang='lat' dir='ltr'><strong>amieos,</strong></span> <span class='ocrx_word' id='word_1_37' title='bbox 1074 1833 1132 1899; x_wconf 85' lang='lat' dir='ltr'><strong>sed</strong></span> <span class='ocrx_word' id='word_1_38' title='bbox 1165 1832 1271 1921; x_wconf 82' lang='lat' dir='ltr'><strong>magis</strong></span> <span class='ocrx_word' id='word_1_39' title='bbox 1292 1832 1488 1911; x_wconf 82' lang='lat' dir='ltr'><strong>consolatur,</strong></span> 
     </span>
    </p>
   </div>
   <div class='ocr_carea' id='block_1_8' title="bbox 269 1907 1489 2025">
    <p class='ocr_par' dir='ltr' id='par_1_8' title="bbox 269 1907 1489 2025">
     <span class='ocr_line' id='line_1_8' title="bbox 269 1907 1489 2025; baseline 0.018 -34"><span class='ocrx_word' id='word_1_40' title='bbox 269 1907 430 2025; x_wconf 54' lang='lat' dir='ltr'><strong>{ffffi&#39;ffi</strong></span> <span class='ocrx_word' id='word_1_41' title='bbox 442 1934 596 2021; x_wconf 90' lang='lat' dir='ltr'><strong>quiequid</strong></span> <span class='ocrx_word' id='word_1_42' title='bbox 618 1936 783 2022; x_wconf 75' lang='lat' dir='ltr'><strong>sapienter</strong></span> <span class='ocrx_word' id='word_1_43' title='bbox 798 1939 833 2001; x_wconf 92' lang='lat' dir='ltr'><strong>et</strong></span> <span class='ocrx_word' id='word_1_44' title='bbox 854 1934 1031 2001; x_wconf 72' lang='lat' dir='ltr'><strong>salubriter</strong></span> <span class='ocrx_word' id='word_1_45' title='bbox 1053 1934 1200 2022; x_wconf 87' lang='lat' dir='ltr'><strong>disponit</strong></span> <span class='ocrx_word' id='word_1_46' title='bbox 1216 1932 1270 1999; x_wconf 74' lang='grc' dir='ltr'><strong>Ιε1</strong></span> <span class='ocrx_word' id='word_1_47' title='bbox 1298 1956 1395 2021; x_wconf 76' lang='lat' dir='ltr'><strong>quem</strong></span> <span class='ocrx_word' id='word_1_48' title='bbox 1408 1956 1489 2000; x_wconf 61' lang='lat' dir='ltr'><strong>Vera</strong></span> 
     </span>
    </p>
   </div>
   <div class='ocr_carea' id='block_1_9' title="bbox 268 2036 1489 2235">
    <p class='ocr_par' dir='ltr' id='par_1_9' title="bbox 268 2036 1489 2235">
     <span class='ocr_line' id='line_1_9' title="bbox 270 2036 1489 2125; baseline -0.002 -20"><span class='ocrx_word' id='word_1_49' title='bbox 270 2040 348 2091; x_wconf 57' lang='grc' dir='ltr'>Μ</span> <span class='ocrx_word' id='word_1_50' title='bbox 357 2040 384 2090; x_wconf 84' lang='lat' dir='ltr'><strong>in</strong></span> <span class='ocrx_word' id='word_1_51' title='bbox 395 2057 427 2091; x_wconf 84' lang='lat' dir='ltr'><strong>on</strong></span> <span class='ocrx_word' id='word_1_52' title='bbox 440 2036 586 2103; x_wconf 82' lang='lat' dir='ltr'><strong>amicitia</strong></span> <span class='ocrx_word' id='word_1_53' title='bbox 600 2037 888 2124; x_wconf 76' lang='lat' dir='ltr'><strong>complectimur²;</strong></span> <span class='ocrx_word' id='word_1_54' title='bbox 911 2043 1109 2125; x_wconf 90' lang='lat' dir='ltr'><strong>quapropter</strong></span> <span class='ocrx_word' id='word_1_55' title='bbox 1131 2059 1205 2103; x_wconf 88' lang='lat' dir='ltr'><strong>eum</strong></span> <span class='ocrx_word' id='word_1_56' title='bbox 1227 2038 1298 2103; x_wconf 88' lang='lat' dir='ltr'><strong>veri</strong></span> <span class='ocrx_word' id='word_1_57' title='bbox 1313 2037 1386 2103; x_wconf 89' lang='lat' dir='ltr'><strong>sitis</strong></span> <span class='ocrx_word' id='word_1_58' title='bbox 1401 2059 1489 2103; x_wconf 90' lang='lat' dir='ltr'><strong>ama-</strong></span> 
     </span>
     <span class='ocr_line' id='line_1_10' title="bbox 268 2105 1487 2235; baseline -0.002 -27"><span class='ocrx_word' id='word_1_59' title='bbox 268 2105 395 2235; x_wconf 50' lang='grc' dir='ltr'><strong>ἱξᾙθ</strong></span> <span class='ocrx_word' id='word_1_60' title='bbox 440 2145 527 2206; x_wconf 89' lang='lat' dir='ltr'><strong>tores</strong></span> <span class='ocrx_word' id='word_1_61' title='bbox 541 2144 577 2205; x_wconf 90' lang='lat' dir='ltr'><strong>et</strong></span> <span class='ocrx_word' id='word_1_62' title='bbox 598 2140 695 2205; x_wconf 85' lang='lat' dir='ltr'><strong>amici</strong></span> <span class='ocrx_word' id='word_1_63' title='bbox 717 2140 790 2219; x_wconf 92' lang='lat' dir='ltr'><strong>Dei,</strong></span> <span class='ocrx_word' id='word_1_64' title='bbox 814 2161 881 2206; x_wconf 90' lang='lat' dir='ltr'><strong>non</strong></span> <span class='ocrx_word' id='word_1_65' title='bbox 905 2146 1016 2227; x_wconf 90' lang='lat' dir='ltr'><strong>potest</strong></span> <span class='ocrx_word' id='word_1_66' title='bbox 1038 2162 1098 2206; x_wconf 90' lang='lat' dir='ltr'><strong>vos</strong></span> <span class='ocrx_word' id='word_1_67' title='bbox 1120 2141 1293 2226; x_wconf 84' lang='lat' dir='ltr'><strong>quiequam</strong></span> <span class='ocrx_word' id='word_1_68' title='bbox 1317 2140 1487 2205; x_wconf 77' lang='lat' dir='ltr'><strong>molestare</strong></span> 
     </span>
    </p>
   </div>
   <div class='ocr_carea' id='block_1_10' title="bbox 269 2241 1486 2357">
    <p class='ocr_par' dir='ltr' id='par_1_10' title="bbox 269 2241 1486 2357">
     <span class='ocr_line' id='line_1_11' title="bbox 269 2241 1486 2357; baseline 0.001 -51"><span class='ocrx_word' id='word_1_69' title='bbox 269 2241 525 2357; x_wconf 48' lang='lat' dir='ltr'><strong>fflggtofquod</strong></span> <span class='ocrx_word' id='word_1_70' title='bbox 564 2241 641 2328; x_wconf 89' lang='lat' dir='ltr'><strong>Ipso</strong></span> <span class='ocrx_word' id='word_1_71' title='bbox 674 2243 714 2308; x_wconf 92' lang='lat' dir='ltr'><strong>fit</strong></span> <span class='ocrx_word' id='word_1_72' title='bbox 746 2243 928 2309; x_wconf 71' lang='lat' dir='ltr'><strong>ordinante.</strong></span> <span class='ocrx_word' id='word_1_73' title='bbox 975 2241 1083 2329; x_wconf 84' lang='lat' dir='ltr'>Ipsius</span> <span class='ocrx_word' id='word_1_74' title='bbox 1120 2248 1231 2309; x_wconf 91' lang='lat' dir='ltr'><strong>autem</strong></span> <span class='ocrx_word' id='word_1_75' title='bbox 1269 2241 1486 2331; x_wconf 87' lang='lat' dir='ltr'><strong>providentia,</strong></span> 
     </span>
    </p>
   </div>
   <div class='ocr_carea' id='block_1_11' title="bbox 268 2344 1489 2853">
    <p class='ocr_par' dir='ltr' id='par_1_11' title="bbox 268 2344 1489 2853">
     <span class='ocr_line' id='line_1_12' title="bbox 271 2344 1489 2432; baseline -0.003 -20"><span class='ocrx_word' id='word_1_76' title='bbox 271 2372 391 2423; x_wconf 51' lang='lat' dir='ltr'><strong>rme..</strong></span> <span class='ocrx_word' id='word_1_77' title='bbox 436 2364 510 2430; x_wconf 86' lang='lat' dir='ltr'><strong>quaa</strong></span> <span class='ocrx_word' id='word_1_78' title='bbox 546 2344 659 2409; x_wconf 88' lang='lat' dir='ltr'><strong>omnia</strong></span> <span class='ocrx_word' id='word_1_79' title='bbox 695 2346 859 2431; x_wconf 74' lang='lat' dir='ltr'><strong>sapienter</strong></span> <span class='ocrx_word' id='word_1_80' title='bbox 905 2344 1049 2432; x_wconf 82' lang='lat' dir='ltr'><strong>disponit</strong></span> <span class='ocrx_word' id='word_1_81' title='bbox 1086 2351 1120 2411; x_wconf 88' lang='lat' dir='ltr'><strong>et</strong></span> <span class='ocrx_word' id='word_1_82' title='bbox 1157 2345 1341 2424; x_wconf 78' lang='lat' dir='ltr'><strong>salubriter,</strong></span> <span class='ocrx_word' id='word_1_83' title='bbox 1387 2346 1489 2411; x_wconf 86' lang='lat' dir='ltr'><strong>frater</strong></span> 
     </span>
     <span class='ocr_line' id='line_1_13' title="bbox 269 2440 1489 2557; baseline 0.001 -47"><span class='ocrx_word' id='word_1_84' title='bbox 269 2440 406 2557; x_wconf 48' lang='lat' dir='ltr'>Reum!</span> <span class='ocrx_word' id='word_1_85' title='bbox 436 2445 460 2510; x_wconf 94' lang='lat' dir='ltr'><strong>J</strong></span> <span class='ocrx_word' id='word_1_86' title='bbox 461 2446 614 2527; x_wconf 86' lang='lat' dir='ltr'><strong>ohannes,</strong></span> <span class='ocrx_word' id='word_1_87' title='bbox 650 2446 756 2513; x_wconf 78' lang='lat' dir='ltr'><strong>sotius</strong></span> <span class='ocrx_word' id='word_1_88' title='bbox 777 2445 890 2513; x_wconf 75' lang='lat' dir='ltr'><strong>fiatris</strong></span> <span class='ocrx_word' id='word_1_89' title='bbox 920 2448 1011 2527; x_wconf 69' lang='lat' dir='ltr'><strong>Adae,</strong></span> <span class='ocrx_word' id='word_1_90' title='bbox 1050 2446 1178 2514; x_wconf 87' lang='lat' dir='ltr'><strong>laborat</strong></span> <span class='ocrx_word' id='word_1_91' title='bbox 1215 2452 1386 2533; x_wconf 83' lang='lat' dir='ltr'><strong>quartana,</strong></span> <span class='ocrx_word' id='word_1_92' title='bbox 1423 2469 1489 2533; x_wconf 89' lang='lat' dir='ltr'><strong>qua</strong></span> 
     </span>
     <span class='ocr_line' id='line_1_14' title="bbox 269 2548 1486 2637; baseline 0.001 -24"><span class='ocrx_word' id='word_1_93' title='bbox 269 2573 331 2623; x_wconf 62' lang='lat' dir='ltr'><strong>„iffi</strong></span> <span class='ocrx_word' id='word_1_94' title='bbox 341 2588 427 2624; x_wconf 73' lang='lat' dir='ltr'><strong>onear</strong></span> <span class='ocrx_word' id='word_1_95' title='bbox 436 2553 594 2635; x_wconf 81' lang='lat' dir='ltr'><strong>aegrotare</strong></span> <span class='ocrx_word' id='word_1_96' title='bbox 616 2549 740 2637; x_wconf 85' lang='lat' dir='ltr'><strong>ineepit</strong></span> <span class='ocrx_word' id='word_1_97' title='bbox 753 2550 791 2615; x_wconf 92' lang='lat' dir='ltr'><strong>in</strong></span> <span class='ocrx_word' id='word_1_98' title='bbox 816 2551 928 2617; x_wconf 85' lang='lat' dir='ltr'><strong>reditu</strong></span> <span class='ocrx_word' id='word_1_99' title='bbox 951 2556 1064 2617; x_wconf 89' lang='lat' dir='ltr'><strong>nostro</strong></span> <span class='ocrx_word' id='word_1_100' title='bbox 1087 2550 1175 2637; x_wconf 89' lang='lat' dir='ltr'><strong>apud</strong></span> <span class='ocrx_word' id='word_1_101' title='bbox 1201 2548 1366 2627; x_wconf 79' lang='lat' dir='ltr'><strong>Belmanb,</strong></span> <span class='ocrx_word' id='word_1_102' title='bbox 1391 2572 1486 2637; x_wconf 90' lang='lat' dir='ltr'><strong>quem</strong></span> 
     </span>
     <span class='ocr_line' id='line_1_15' title="bbox 268 2641 1485 2757; baseline -0.001 -39"><span class='ocrx_word' id='word_1_103' title='bbox 268 2641 425 2757; x_wconf 54' lang='lat' dir='ltr'><strong>ffifflffl</strong></span> <span class='ocrx_word' id='word_1_104' title='bbox 436 2650 553 2717; x_wconf 88' lang='lat' dir='ltr'><strong>diebus</strong></span> <span class='ocrx_word' id='word_1_105' title='bbox 566 2652 832 2739; x_wconf 73' lang='lat' dir='ltr'><strong>interpolationis</strong></span> <span class='ocrx_word' id='word_1_106' title='bbox 846 2652 1004 2719; x_wconf 87' lang='lat' dir='ltr'><strong>duximus</strong></span> <span class='ocrx_word' id='word_1_107' title='bbox 1018 2674 1122 2738; x_wconf 89' lang='lat' dir='ltr'><strong>usque</strong></span> <span class='ocrx_word' id='word_1_108' title='bbox 1136 2652 1181 2718; x_wconf 88' lang='lat' dir='ltr'><strong>ad</strong></span> <span class='ocrx_word' id='word_1_109' title='bbox 1190 2652 1333 2740; x_wconf 83' lang='lat' dir='ltr'><strong>Negent,</strong></span> <span class='ocrx_word' id='word_1_110' title='bbox 1346 2659 1380 2718; x_wconf 90' lang='lat' dir='ltr'><strong>et</strong></span> <span class='ocrx_word' id='word_1_111' title='bbox 1394 2652 1485 2717; x_wconf 87' lang='lat' dir='ltr'><strong>illino</strong></span> 
     </span>
     <span class='ocr_line' id='line_1_16' title="bbox 269 2753 1488 2853; baseline -0.002 -31"><span class='ocrx_word' id='word_1_112' title='bbox 269 2772 404 2853; x_wconf 67' lang='lat' dir='ltr'><strong>enageof</strong></span> <span class='ocrx_word' id='word_1_113' title='bbox 437 2776 495 2841; x_wconf 88' lang='lat' dir='ltr'><strong>per</strong></span> <span class='ocrx_word' id='word_1_114' title='bbox 517 2776 638 2841; x_wconf 87' lang='lat' dir='ltr'><strong>aquam</strong></span> <span class='ocrx_word' id='word_1_115' title='bbox 667 2754 820 2822; x_wconf 79' lang='lat' dir='ltr'><strong>Seeanse⁰</strong></span> <span class='ocrx_word' id='word_1_116' title='bbox 848 2776 953 2842; x_wconf 87' lang='lat' dir='ltr'><strong>usque</strong></span> <span class='ocrx_word' id='word_1_117' title='bbox 975 2755 1122 2821; x_wconf 89' lang='lat' dir='ltr'><strong>Parisius</strong></span> <span class='ocrx_word' id='word_1_118' title='bbox 1153 2753 1289 2821; x_wconf 78' lang='lat' dir='ltr'><strong>fecimus</strong></span> <span class='ocrx_word' id='word_1_119' title='bbox 1320 2778 1396 2822; x_wconf 89' lang='lat' dir='ltr'><strong>eum</strong></span> <span class='ocrx_word' id='word_1_120' title='bbox 1429 2776 1488 2820; x_wconf 92' lang='lat' dir='ltr'><strong>nos</strong></span> 
     </span>
    </p>
   </div>
   <div class='ocr_carea' id='block_1_12' title="bbox 269 2840 1488 2945">
    <p class='ocr_par' dir='ltr' id='par_1_12' title="bbox 269 2840 1488 2945">
     <span class='ocr_line' id='line_1_17' title="bbox 269 2840 1488 2945; baseline -0.007 -16"><span class='ocrx_word' id='word_1_121' title='bbox 269 2840 331 2891; x_wconf 56' lang='grc' dir='ltr'><strong>Μ·</strong></span> <span class='ocrx_word' id='word_1_122' title='bbox 436 2858 640 2944; x_wconf 78' lang='lat' dir='ltr'><strong>praeoedere3</strong></span> <span class='ocrx_word' id='word_1_123' title='bbox 663 2858 741 2944; x_wconf 91' lang='lat' dir='ltr'><strong>quia</strong></span> <span class='ocrx_word' id='word_1_124' title='bbox 762 2863 874 2924; x_wconf 88' lang='lat' dir='ltr'><strong>autem</strong></span> <span class='ocrx_word' id='word_1_125' title='bbox 889 2880 957 2924; x_wconf 88' lang='lat' dir='ltr'><strong>non</strong></span> <span class='ocrx_word' id='word_1_126' title='bbox 971 2857 1149 2925; x_wconf 86' lang='lat' dir='ltr'><strong>videbatur</strong></span> <span class='ocrx_word' id='word_1_127' title='bbox 1163 2858 1258 2923; x_wconf 87' lang='lat' dir='ltr'><strong>nobis</strong></span> <span class='ocrx_word' id='word_1_128' title='bbox 1273 2880 1379 2945; x_wconf 90' lang='lat' dir='ltr'><strong>neque</strong></span> <span class='ocrx_word' id='word_1_129' title='bbox 1394 2856 1488 2921; x_wconf 85' lang='lat' dir='ltr'><strong>fratri</strong></span> 
     </span>
    </p>
   </div>
   <div class='ocr_carea' id='block_1_13' title="bbox 268 2930 1486 3075">
    <p class='ocr_par' dir='ltr' id='par_1_13' title="bbox 268 2930 1486 3075">
     <span class='ocr_line' id='line_1_18' title="bbox 268 2930 1486 3075; baseline 0.028 -80"><span class='ocrx_word' id='word_1_130' title='bbox 268 2930 403 3075; x_wconf 50' lang='lat'><strong>:32:³³2</strong></span> <span class='ocrx_word' id='word_1_131' title='bbox 437 2957 520 3025; x_wconf 73' lang='lat' dir='ltr'><strong>Adae</strong></span> <span class='ocrx_word' id='word_1_132' title='bbox 542 2980 703 3041; x_wconf 55' lang='lat' dir='ltr'><strong>securum,</strong></span> <span class='ocrx_word' id='word_1_133' title='bbox 726 2958 813 3046; x_wconf 88' lang='lat' dir='ltr'><strong>quod</strong></span> <span class='ocrx_word' id='word_1_134' title='bbox 837 2964 1028 3046; x_wconf 84' lang='lat' dir='ltr'><strong>sequeretur</strong></span> <span class='ocrx_word' id='word_1_135' title='bbox 1050 2982 1110 3025; x_wconf 91' lang='lat' dir='ltr'><strong>nos</strong></span> <span class='ocrx_word' id='word_1_136' title='bbox 1136 2959 1214 3026; x_wconf 85' lang='lat' dir='ltr'><strong>inde</strong></span> <span class='ocrx_word' id='word_1_137' title='bbox 1245 2982 1360 3026; x_wconf 88' lang='lat' dir='ltr'><strong>versus</strong></span> <span class='ocrx_word' id='word_1_138' title='bbox 1389 2980 1486 3037; x_wconf 86' lang='lat' dir='ltr'><strong>mare,</strong></span> 
     </span>
    </p>
   </div>
   <div class='ocr_carea' id='block_1_14' title="bbox 271 3061 1490 3150">
    <p class='ocr_par' dir='ltr' id='par_1_14' title="bbox 271 3061 1490 3150">
     <span class='ocr_line' id='line_1_19' title="bbox 271 3061 1490 3150; baseline -0.018 -2"><span class='ocrx_word' id='word_1_139' title='bbox 271 3092 347 3147; x_wconf 76' lang='lat' dir='ltr'><strong>sune</strong></span> <span class='ocrx_word' id='word_1_140' title='bbox 437 3082 497 3126; x_wconf 83' lang='lat' dir='ltr'><strong>nee</strong></span> <span class='ocrx_word' id='word_1_141' title='bbox 525 3063 614 3147; x_wconf 90' lang='lat' dir='ltr'><strong>quod</strong></span> <span class='ocrx_word' id='word_1_142' title='bbox 643 3062 788 3128; x_wconf 83' lang='lat' dir='ltr'><strong>Parisios</strong></span> <span class='ocrx_word' id='word_1_143' title='bbox 819 3066 1004 3129; x_wconf 88' lang='lat' dir='ltr'><strong>moraretur</strong></span> <span class='ocrx_word' id='word_1_144' title='bbox 1026 3066 1160 3150; x_wconf 89' lang='lat' dir='ltr'><strong>propter</strong></span> <span class='ocrx_word' id='word_1_145' title='bbox 1190 3062 1274 3127; x_wconf 86' lang='lat' dir='ltr'><strong>aeris</strong></span> <span class='ocrx_word' id='word_1_146' title='bbox 1305 3061 1395 3128; x_wconf 88' lang='lat' dir='ltr'><strong>illius</strong></span> <span class='ocrx_word' id='word_1_147' title='bbox 1426 3061 1490 3126; x_wconf 88' lang='lat' dir='ltr'><strong>looi</strong></span> 
     </span>
    </p>
   </div>
   <div class='ocr_carea' id='block_1_15' title="bbox 270 3163 1491 4482">
    <p class='ocr_par' dir='ltr' id='par_1_15' title="bbox 270 3163 1491 3551">
     <span class='ocr_line' id='line_1_20' title="bbox 436 3163 1490 3252; baseline 0.002 -25"><span class='ocrx_word' id='word_1_148' title='bbox 436 3163 646 3230; x_wconf 80' lang='lat' dir='ltr'><strong>infectionem</strong></span> <span class='ocrx_word' id='word_1_149' title='bbox 668 3187 735 3231; x_wconf 93' lang='lat' dir='ltr'><strong>non</strong></span> <span class='ocrx_word' id='word_1_150' title='bbox 762 3164 934 3244; x_wconf 75' lang='lat' dir='ltr'><strong>salubrem,</strong></span> <span class='ocrx_word' id='word_1_151' title='bbox 965 3164 1123 3252; x_wconf 83' lang='lat' dir='ltr'><strong>elegimus</strong></span> <span class='ocrx_word' id='word_1_152' title='bbox 1144 3168 1185 3229; x_wconf 92' lang='lat' dir='ltr'><strong>ut</strong></span> <span class='ocrx_word' id='word_1_153' title='bbox 1207 3186 1265 3251; x_wconf 92' lang='lat' dir='ltr'><strong>per</strong></span> <span class='ocrx_word' id='word_1_154' title='bbox 1285 3186 1404 3251; x_wconf 86' lang='lat' dir='ltr'><strong>aquam</strong></span> <span class='ocrx_word' id='word_1_155' title='bbox 1426 3166 1490 3229; x_wconf 89' lang='lat' dir='ltr'><strong>iret</strong></span> 
     </span>
     <span class='ocr_line' id='line_1_21' title="bbox 270 3264 1491 3354; baseline 0 -23"><span class='ocrx_word' id='word_1_156' title='bbox 270 3264 390 3322; x_wconf 65' lang='lat' dir='ltr'><strong>“Rom</strong></span> <span class='ocrx_word' id='word_1_157' title='bbox 437 3264 713 3354; x_wconf 74' lang='lat' dir='ltr'><strong>Rothomagumd,</strong></span> <span class='ocrx_word' id='word_1_158' title='bbox 736 3266 838 3333; x_wconf 81' lang='lat' dir='ltr'><strong>fiatre</strong></span> <span class='ocrx_word' id='word_1_159' title='bbox 852 3266 983 3332; x_wconf 86' lang='lat' dir='ltr'><strong>Adamo</strong></span> <span class='ocrx_word' id='word_1_160' title='bbox 1005 3288 1108 3353; x_wconf 90' lang='lat' dir='ltr'><strong>usque</strong></span> <span class='ocrx_word' id='word_1_161' title='bbox 1129 3266 1209 3332; x_wconf 88' lang='lat' dir='ltr'><strong>illue</strong></span> <span class='ocrx_word' id='word_1_162' title='bbox 1230 3267 1369 3333; x_wconf 90' lang='lat' dir='ltr'><strong>eundem</strong></span> <span class='ocrx_word' id='word_1_163' title='bbox 1392 3266 1491 3333; x_wconf 89' lang='lat' dir='ltr'><strong>eomi-</strong></span> 
     </span>
     <span class='ocr_line' id='line_1_22' title="bbox 436 3368 1491 3461; baseline 0.002 -28"><span class='ocrx_word' id='word_1_164' title='bbox 436 3372 538 3447; x_wconf 81' lang='lat' dir='ltr'><strong>tante,</strong></span> <span class='ocrx_word' id='word_1_165' title='bbox 555 3370 612 3455; x_wconf 91' lang='lat' dir='ltr'><strong>qui</strong></span> <span class='ocrx_word' id='word_1_166' title='bbox 625 3368 718 3461; x_wconf 85' lang='lat' dir='ltr'><strong>nullo</strong></span> <span class='ocrx_word' id='word_1_167' title='bbox 732 3368 828 3435; x_wconf 92' lang='lat' dir='ltr'><strong>modo</strong></span> <span class='ocrx_word' id='word_1_168' title='bbox 843 3369 950 3435; x_wconf 85' lang='lat' dir='ltr'><strong>voluit</strong></span> <span class='ocrx_word' id='word_1_169' title='bbox 964 3368 1006 3434; x_wconf 86' lang='lat' dir='ltr'><strong>ab</strong></span> <span class='ocrx_word' id='word_1_170' title='bbox 1022 3374 1203 3457; x_wconf 85' lang='lat' dir='ltr'><strong>aegrotante</strong></span> <span class='ocrx_word' id='word_1_171' title='bbox 1218 3370 1373 3450; x_wconf 77' lang='lat' dir='ltr'><strong>resedere,</strong></span> <span class='ocrx_word' id='word_1_172' title='bbox 1389 3370 1491 3435; x_wconf 84' lang='lat' dir='ltr'><strong>donee</strong></span> 
     </span>
     <span class='ocr_line' id='line_1_23' title="bbox 436 3470 1490 3551; baseline 0.002 -16"><span class='ocrx_word' id='word_1_173' title='bbox 436 3472 524 3536; x_wconf 90' lang='lat' dir='ltr'><strong>notis</strong></span> <span class='ocrx_word' id='word_1_174' title='bbox 547 3471 610 3536; x_wconf 89' lang='lat' dir='ltr'><strong>sibi</strong></span> <span class='ocrx_word' id='word_1_175' title='bbox 632 3472 790 3537; x_wconf 85' lang='lat' dir='ltr'><strong>fratribus</strong></span> <span class='ocrx_word' id='word_1_176' title='bbox 813 3472 851 3536; x_wconf 90' lang='lat' dir='ltr'><strong>in</strong></span> <span class='ocrx_word' id='word_1_177' title='bbox 872 3472 943 3538; x_wconf 86' lang='lat' dir='ltr'><strong>loeo</strong></span> <span class='ocrx_word' id='word_1_178' title='bbox 967 3470 1092 3537; x_wconf 87' lang='lat' dir='ltr'><strong>salubri</strong></span> <span class='ocrx_word' id='word_1_179' title='bbox 1125 3470 1219 3535; x_wconf 90' lang='lat' dir='ltr'><strong>illum</strong></span> <span class='ocrx_word' id='word_1_180' title='bbox 1251 3472 1490 3551; x_wconf 83' lang='lat' dir='ltr'><strong>commisisset3</strong></span> 
     </span>
    </p>

    <p class='ocr_par' dir='ltr' id='par_1_16' title="bbox 436 3572 1490 3655">
     <span class='ocr_line' id='line_1_24' title="bbox 436 3572 1490 3655; baseline 0 -17"><span class='ocrx_word' id='word_1_181' title='bbox 436 3577 471 3638; x_wconf 93' lang='lat' dir='ltr'><strong>et</strong></span> <span class='ocrx_word' id='word_1_182' title='bbox 494 3572 605 3639; x_wconf 81' lang='lat' dir='ltr'><strong>sicud</strong></span> <span class='ocrx_word' id='word_1_183' title='bbox 627 3596 716 3640; x_wconf 88' lang='lat' dir='ltr'><strong>mare</strong></span> <span class='ocrx_word' id='word_1_184' title='bbox 738 3574 874 3639; x_wconf 88' lang='lat' dir='ltr'><strong>tandem</strong></span> <span class='ocrx_word' id='word_1_185' title='bbox 906 3574 1001 3641; x_wconf 90' lang='lat' dir='ltr'><strong>nobis</strong></span> <span class='ocrx_word' id='word_1_186' title='bbox 1034 3579 1237 3655; x_wconf 83' lang='lat' dir='ltr'><strong>oecurreret3</strong></span> <span class='ocrx_word' id='word_1_187' title='bbox 1273 3580 1490 3640; x_wconf 79' lang='lat' dir='ltr'><strong>veruntamen</strong></span> 
     </span>
    </p>

    <p class='ocr_par' dir='ltr' id='par_1_17' title="bbox 339 3674 1490 4482">
     <span class='ocr_line' id='line_1_25' title="bbox 339 3674 1489 3763; baseline 0.001 -22"><span class='ocrx_word' id='word_1_188' title='bbox 339 3687 355 3720; x_wconf 80' lang='lat'><strong>¹¹</strong></span> <span class='ocrx_word' id='word_1_189' title='bbox 396 3709 401 3722; x_wconf 94' lang='lat'>·</span> <span class='ocrx_word' id='word_1_190' title='bbox 436 3697 511 3741; x_wconf 88' lang='lat' dir='ltr'><strong>eum</strong></span> <span class='ocrx_word' id='word_1_191' title='bbox 533 3674 702 3741; x_wconf 89' lang='lat' dir='ltr'><strong>venissent</strong></span> <span class='ocrx_word' id='word_1_192' title='bbox 724 3676 768 3741; x_wconf 88' lang='lat' dir='ltr'><strong>ad</strong></span> <span class='ocrx_word' id='word_1_193' title='bbox 788 3677 905 3743; x_wconf 89' lang='lat' dir='ltr'><strong>urbem</strong></span> <span class='ocrx_word' id='word_1_194' title='bbox 930 3698 1005 3763; x_wconf 75' lang='lat' dir='ltr'><strong>quae</strong></span> <span class='ocrx_word' id='word_1_195' title='bbox 1026 3680 1163 3742; x_wconf 80' lang='lat' dir='ltr'><strong>vocatu</strong></span> <span class='ocrx_word' id='word_1_196' title='bbox 1186 3676 1333 3755; x_wconf 62' lang='lat' dir='ltr'><strong>Manae</strong></span> <span class='ocrx_word' id='word_1_197' title='bbox 1363 3676 1489 3743; x_wconf 84' lang='lat' dir='ltr'><strong>invale-</strong></span> 
     </span>
     <span class='ocr_line' id='line_1_26' title="bbox 437 3778 1490 3857; baseline 0.002 -14"><span class='ocrx_word' id='word_1_198' title='bbox 437 3784 546 3843; x_wconf 89' lang='lat' dir='ltr'><strong>soente</strong></span> <span class='ocrx_word' id='word_1_199' title='bbox 568 3778 740 3845; x_wconf 88' lang='lat' dir='ltr'><strong>debilitate</strong></span> <span class='ocrx_word' id='word_1_200' title='bbox 771 3778 851 3845; x_wconf 83' lang='lat' dir='ltr'><strong>dieti</strong></span> <span class='ocrx_word' id='word_1_201' title='bbox 884 3778 996 3845; x_wconf 82' lang='lat' dir='ltr'><strong>fratris</strong></span> <span class='ocrx_word' id='word_1_202' title='bbox 1017 3778 1190 3857; x_wconf 68' lang='lat' dir='ltr'><strong>«lobannis,</strong></span> <span class='ocrx_word' id='word_1_203' title='bbox 1214 3800 1282 3847; x_wconf 91' lang='lat' dir='ltr'><strong>non</strong></span> <span class='ocrx_word' id='word_1_204' title='bbox 1304 3802 1402 3846; x_wconf 85' lang='lat' dir='ltr'><strong>ausus</strong></span> <span class='ocrx_word' id='word_1_205' title='bbox 1424 3778 1490 3845; x_wconf 87' lang='lat' dir='ltr'><strong>fuit</strong></span> 
     </span>
     <span class='ocr_line' id='line_1_27' title="bbox 436 3879 1490 3969; baseline 0.003 -25"><span class='ocrx_word' id='word_1_206' title='bbox 436 3879 539 3946; x_wconf 88' lang='lat' dir='ltr'><strong>frater</strong></span> <span class='ocrx_word' id='word_1_207' title='bbox 562 3880 639 3945; x_wconf 87' lang='lat' dir='ltr'><strong>Adu</strong></span> <span class='ocrx_word' id='word_1_208' title='bbox 668 3880 763 3946; x_wconf 89' lang='lat' dir='ltr'><strong>illum</strong></span> <span class='ocrx_word' id='word_1_209' title='bbox 793 3881 936 3947; x_wconf 88' lang='lat' dir='ltr'><strong>ulterius</strong></span> <span class='ocrx_word' id='word_1_210' title='bbox 966 3881 1092 3960; x_wconf 83' lang='lat' dir='ltr'><strong>ducere,</strong></span> <span class='ocrx_word' id='word_1_211' title='bbox 1124 3902 1184 3946; x_wconf 89' lang='lat' dir='ltr'><strong>nee</strong></span> <span class='ocrx_word' id='word_1_212' title='bbox 1220 3888 1354 3969; x_wconf 89' lang='lat' dir='ltr'><strong>propter</strong></span> <span class='ocrx_word' id='word_1_213' title='bbox 1387 3882 1490 3969; x_wconf 90' lang='lat' dir='ltr'><strong>ipsius</strong></span> 
     </span>
     <span class='ocr_line' id='line_1_28' title="bbox 437 3982 1488 4071; baseline 0.003 -24"><span class='ocrx_word' id='word_1_214' title='bbox 437 3982 645 4047; x_wconf 89' lang='lat' dir='ltr'><strong>debilitatem</strong></span> <span class='ocrx_word' id='word_1_215' title='bbox 667 3983 803 4071; x_wconf 91' lang='lat' dir='ltr'><strong>abipso</strong></span> <span class='ocrx_word' id='word_1_216' title='bbox 826 3984 982 4063; x_wconf 79' lang='lat' dir='ltr'><strong>recedere,</strong></span> <span class='ocrx_word' id='word_1_217' title='bbox 1015 3988 1054 4049; x_wconf 90' lang='lat' dir='ltr'><strong>ut</strong></span> <span class='ocrx_word' id='word_1_218' title='bbox 1087 3983 1182 4048; x_wconf 88' lang='lat' dir='ltr'><strong>nobis</strong></span> <span class='ocrx_word' id='word_1_219' title='bbox 1213 3984 1391 4050; x_wconf 70' lang='lat' dir='ltr'><strong>secumdum</strong></span> <span class='ocrx_word' id='word_1_220' title='bbox 1412 4006 1488 4050; x_wconf 90' lang='lat' dir='ltr'><strong>oon-</strong></span> 
     </span>
     <span class='ocr_line' id='line_1_29' title="bbox 437 4085 1488 4173; baseline 0.001 -23"><span class='ocrx_word' id='word_1_221' title='bbox 437 4086 564 4151; x_wconf 85' lang='lat' dir='ltr'><strong>diotum</strong></span> <span class='ocrx_word' id='word_1_222' title='bbox 586 4090 792 4166; x_wconf 79' lang='lat' dir='ltr'><strong>occurreret3</strong></span> <span class='ocrx_word' id='word_1_223' title='bbox 836 4086 915 4172; x_wconf 90' lang='lat' dir='ltr'><strong>quia</strong></span> <span class='ocrx_word' id='word_1_224' title='bbox 952 4086 1058 4173; x_wconf 82' lang='lat' dir='ltr'><strong>igitur</strong></span> <span class='ocrx_word' id='word_1_225' title='bbox 1095 4085 1184 4171; x_wconf 89' lang='lat' dir='ltr'><strong>apud</strong></span> <span class='ocrx_word' id='word_1_226' title='bbox 1220 4087 1342 4153; x_wconf 87' lang='lat' dir='ltr'><strong>dietum</strong></span> <span class='ocrx_word' id='word_1_227' title='bbox 1374 4088 1488 4153; x_wconf 90' lang='lat' dir='ltr'><strong>urbem</strong></span> 
     </span>
     <span class='ocr_line' id='line_1_30' title="bbox 438 4186 1490 4277; baseline 0.002 -24"><span class='ocrx_word' id='word_1_228' title='bbox 438 4186 590 4254; x_wconf 84' lang='lat' dir='ltr'><strong>Mantum</strong></span> <span class='ocrx_word' id='word_1_229' title='bbox 627 4189 723 4254; x_wconf 89' lang='lat' dir='ltr'><strong>ambo</strong></span> <span class='ocrx_word' id='word_1_230' title='bbox 760 4194 999 4267; x_wconf 86' lang='lat' dir='ltr'><strong>remanserunt,</strong></span> <span class='ocrx_word' id='word_1_231' title='bbox 1038 4187 1259 4276; x_wconf 86' lang='lat' dir='ltr'><strong>supplicamus</strong></span> <span class='ocrx_word' id='word_1_232' title='bbox 1296 4190 1386 4255; x_wconf 89' lang='lat' dir='ltr'><strong>omni</strong></span> <span class='ocrx_word' id='word_1_233' title='bbox 1423 4211 1490 4277; x_wconf 90' lang='lat' dir='ltr'><strong>qua</strong></span> 
     </span>
     <span class='ocr_line' id='line_1_31' title="bbox 436 4290 1489 4377; baseline 0.001 -20"><span class='ocrx_word' id='word_1_234' title='bbox 436 4312 608 4377; x_wconf 89' lang='lat' dir='ltr'><strong>possumus</strong></span> <span class='ocrx_word' id='word_1_235' title='bbox 651 4290 832 4370; x_wconf 72' lang='lat' dir='ltr'><strong>affectione,</strong></span> <span class='ocrx_word' id='word_1_236' title='bbox 890 4291 1046 4377; x_wconf 83' lang='lat' dir='ltr'><strong>quatinus</strong></span> <span class='ocrx_word' id='word_1_237' title='bbox 1086 4290 1221 4358; x_wconf 85' lang='lat' dir='ltr'><strong>fratrem</strong></span> <span class='ocrx_word' id='word_1_238' title='bbox 1268 4290 1404 4358; x_wconf 90' lang='lat' dir='ltr'><strong>Petrum</strong></span> <span class='ocrx_word' id='word_1_239' title='bbox 1448 4292 1489 4358; x_wconf 92' lang='lat' dir='ltr'><strong>de</strong></span> 
     </span>
     <span class='ocr_line' id='line_1_32' title="bbox 436 4392 1486 4482; baseline 0.002 -24"><span class='ocrx_word' id='word_1_240' title='bbox 436 4392 649 4461; x_wconf 81' lang='lat' dir='ltr'><strong>Theokebure</strong></span> <span class='ocrx_word' id='word_1_241' title='bbox 663 4415 738 4459; x_wconf 88' lang='lat' dir='ltr'><strong>eum</strong></span> <span class='ocrx_word' id='word_1_242' title='bbox 760 4393 872 4479; x_wconf 90' lang='lat' dir='ltr'><strong>aliquo</strong></span> <span class='ocrx_word' id='word_1_243' title='bbox 886 4394 942 4457; x_wconf 88' lang='lat' dir='ltr'><strong>vel</strong></span> <span class='ocrx_word' id='word_1_244' title='bbox 963 4392 1128 4481; x_wconf 87' lang='lat' dir='ltr'><strong>aliquibus</strong></span> <span class='ocrx_word' id='word_1_245' title='bbox 1150 4394 1310 4461; x_wconf 81' lang='lat' dir='ltr'><strong>fratribus</strong></span> <span class='ocrx_word' id='word_1_246' title='bbox 1332 4396 1389 4482; x_wconf 90' lang='lat' dir='ltr'><strong>qui</strong></span> <span class='ocrx_word' id='word_1_247' title='bbox 1412 4416 1486 4462; x_wconf 86' lang='lat' dir='ltr'><strong>oum</strong></span> 
     </span>
    </p>
   </div>
   <div class='ocr_carea' id='block_1_16' title="bbox 682 4662 1290 4811">
    <p class='ocr_par' dir='ltr' id='par_1_18' title="bbox 682 4662 1290 4811">
     <span class='ocr_line' id='line_1_33' title="bbox 685 4662 910 4731; baseline -0.009 -15"><span class='ocrx_word' id='word_1_248' title='bbox 685 4665 694 4696; x_wconf 89' lang='lat'>¹</span> <span class='ocrx_word' id='word_1_249' title='bbox 710 4665 746 4731; x_wconf 73' lang='lat' dir='ltr'><strong>ia]</strong></span> <span class='ocrx_word' id='word_1_250' title='bbox 765 4664 809 4725; x_wconf 86' lang='lat' dir='ltr'><strong>eis,</strong></span> <span class='ocrx_word' id='word_1_251' title='bbox 819 4662 910 4715; x_wconf 64' lang='lat'><em>(200.</em></span> 
     </span>
     <span class='ocr_line' id='line_1_34' title="bbox 682 4742 1290 4811; baseline -0.002 -10"><span class='ocrx_word' id='word_1_252' title='bbox 682 4746 693 4776; x_wconf 87' lang='lat'>²</span> <span class='ocrx_word' id='word_1_253' title='bbox 707 4743 895 4811; x_wconf 67' lang='lat' dir='ltr'><strong>complectitur]</strong></span> <span class='ocrx_word' id='word_1_254' title='bbox 914 4742 1118 4810; x_wconf 62' lang='lat' dir='ltr'><strong>summutantur,</strong></span> <span class='ocrx_word' id='word_1_255' title='bbox 1130 4744 1228 4811; x_wconf 76' lang='lat' dir='ltr'><strong>auu,</strong></span> <span class='ocrx_word' id='word_1_256' title='bbox 1240 4748 1290 4800; x_wconf 85' lang='lat' dir='ltr'><strong>Ox.</strong></span> 
     </span>
    </p>
   </div>
   <div class='ocr_carea' id='block_1_17' title="bbox 0 0 1754 5784">
    <p class='ocr_par' dir='ltr' id='par_1_19' title="bbox 0 0 1754 5784">
     <span class='ocr_line' id='line_1_35' title="bbox 0 0 1754 5784; baseline 0 0"><span class='ocrx_word' id='word_1_257' title='bbox 0 0 1754 5784; x_wconf 95' lang='lat' dir='ltr'><strong> </strong></span> 
     </span>
    </p>
   </div>
  </div>
 </body>
</html>
