3500 5784
691 866 868 916 amaruan.
1234 856 1299 919 103

302 1037 429 1104 Iterum
451 1035 586 1102 intimat
571 1041 644 1102 tum
665 1033 731 1102 fuit
752 1035 846 1102 vobis
868 1055 911 1102 ex
935 1039 1028 1122 perte
1050 1036 1274 1102 dilectorum'
1264 1051 1362 1102 mnis
1373 1051 1460 1102 suae

257 1139 390 1208 Christo
420 1139 565 1204 filiorum
597 1139 660 1204 Me
685 1137 918 1204 Archidiaconi
944 1137 1057 1204 Buks¹
1089 1144 1124 1206 et
1152 1140 1301 1226 magistri
1313 1118 1417 1234 ellel
1407 1199 1468 1235 ons

256 1242 397 1310 Welteri
419 1243 459 1308 de
490 1240 611 1308 Sancto
635 1240 804 1321 Quintiae
829 1240 919 1325 quod
947 1263 1022 1306 cum
1043 1263 1140 1308 causa
1160 1247 1302 1310 vertere·
1314 1251 1435 1302 euiteon·

256 1351 313 1413 tur
334 1345 422 1410 inter
443 1365 497 1412 eos
520 1365 562 1410 ex
588 1365 656 1408 una
681 1348 782 1430 perte,
806 1347 841 1410 et
868 1342 1056 1410 Jobannem
1082 1345 1124 1410 de
1146 1330 1303 1410 Omlrhall
1314 1333 1419 1434 Ἓξ
1421 1318 1468 1434 ἷξε

256 1448 448 1514 canonicum
479 1445 741 1514 Lincolniensem
772 1467 815 1510 ex
843 1445 957 1526 altera,
980 1468 1076 1534 super
1101 1449 1233 1514 ecclesia
1262 1449 1344 1566 dero
1316 1451 1451 1502 melana

258 1549 460 1638 Edelsberg²
487 1571 594 1616 coram
620 1569 680 1626 me,
709 1547 790 1614 dicti
817 1548 1062 1614 archidiaconus
1084 1555 1119 1618 et
1147 1532 1379 1638 magister,¹¹⁸
1315 1598 1374 1648 Ma
1374 1599 1451 1650 mm

258 1653 448 1720 Walterus
439 1675 476 1720 ιιι
485 1651 613 1740 judicio
626 1655 856 1738 comparentes,
872 1673 926 1716 me
942 1656 1100 1739 tanquam
1116 1659 1303 1740 suspectum
1315 1665 1468 1718 desuasor

256 1755 457 1834 recusabant,
492 1776 530 1820 eo
564 1754 652 1841 quod
688 1754 795 1820 dictus
827 1754 973 1820 Joannes
1008 1755 1074 1822 fois
1106 1755 1303 1824 domesticus

257 1865 293 1928 et
322 1857 545 1926 commensalis
574 1879 675 1934 meus,
707 1861 742 1922 et
771 1877 810 1920 eo
839 1857 973 1943 insuper·
1001 1856 1039 1924 in
1070 1858 1184 1925 eadem
1206 1881 1304 1926 cauea

257 1961 435 2030 eorundem
464 1958 669 2026 adversarius
696 1957 911 2039 manifestue;
940 1964 1074 2046 propter
1103 1962 1191 2047 quod
1221 1962 1302 2028 dicti

257 2063 501 2130 archidiaconus
522 2067 557 2130 et
579 2061 735 2148 magister
757 2059 926 2126 Walterus
955 2061 1067 2126 sedem
1092 2064 1302 2150 apostolicam

257 2172 292 2234 et
313 2187 373 2232 vos
394 2164 437 2232 ad
459 2165 634 2232 tuitionem
657 2161 915 2250 appellaverunt.
955 2163 1055 2230 Unde
1077 2168 1111 2230 et
1127 2188 1185 2233 vos
1206 2187 1303 2254 super

257 2269 356 2336 dictae
377 2267 608 2356 appellationis
629 2265 807 2330 summaria
821 2265 1009 2352 cognitione
1023 2267 1160 2334 dedistis
1174 2269 1303 2353 judices

259 2373 451 2458 magistrum
483 2367 548 2436 ab
580 2374 738 2434 rectomm
769 2369 910 2434 ecclesiae
947 2368 1053 2436 beatae
1090 2371 1227 2438 Helenus
1268 2377 1326 2438 etr
1315 2397 1451 2466 '‘Possitly

258 2476 416 2541 decanum
439 2472 480 2538 de
502 2471 707 2558 Abyndone3
739 2492 812 2536 cum
834 2493 1005 2558 nunquam
1035 2478 1147 2539 temen
1181 2475 1347 2542 dietamln
1314 2533 1353 2582 for
1359 2481 1428 2583 effi:

258 2599 388 2644 eausam
410 2575 624 2694 personaliter
645 2573 838 2652 audiverim,
861 2574 919 2640 sed
950 2576 994 2642 ad
1024 2597 1155 2643 onmem
1184 2578 1302 2644 tollen·
1315 2549 1445 2652 aemtod'

258 2679 335 2744 dam
356 2679 580 2794 suspicionem,
604 2676 832 2742 commissariis
854 2676 946 2744 omni
966 2679 1148 2765 suspicione
1171 2679 1243 2746 de
1227 2703 1303 2765 jure
1315 2667 1437 2789 fflff
1437 2683 1456 2720 ¹¹

234 2781 483 2868 'majoribus
474 2803 510 2846 ιιι
547 2779 660 2846 eadem
697 2800 794 2844 causa
829 2779 918 2844 vices
954 2801 1042 2846 meas
1079 2782 1301 2864 commiserim,

258 2905 385 2971 semper
405 2887 540 2971 paratus
561 2881 730 2968 corrigere,
754 2883 783 2948 si
803 2882 921 2948 forte
910 2904 947 2948 ιιι
968 2883 1078 2970 aliquo
1099 2885 1304 2972 contingeret

258 2987 390 3054 eosdem
412 3007 542 3052 errasse.
588 2983 674 3066 Quia
695 2984 798 3070 igitur
819 3006 898 3050 cura
918 2987 1091 3072 pastoralis
1112 3009 1164 3052 me
1194 2991 1303 3052 totum

259 3090 370 3176 exigit,
395 3087 525 3154 etiamsi
546 3109 657 3175 gerere
679 3084 829 3174 poesem³
861 3089 1041 3154 multorum
1074 3089 1202 3154 milium
1232 3111 1305 3178 per-

257 3213 353 3258 sonas
376 3191 410 3256 in
434 3211 472 3255 ea
493 3189 679 3277 peragenda
701 3211 775 3275 quae
797 3189 920 3256 duecte
941 3191 1086 3256 tendunt
1107 3193 1144 3257 in
1166 3193 1305 3258 salutem

258 3296 466 3374 animarum
488 3313 530 3358 ne
552 3292 740 3378 hujusmodi
764 3291 892 3358 frivolis
912 3293 1195 3379 appellationibus,
1219 3296 1304 3361 veri·

259 3420 321 3483 que
359 3394 639 3482 suppressionibus
683 3399 717 3460 et
760 3393 834 3460 falsi
878 3395 1141 3484 suggestionibus
1186 3396 1306 3464 elidere

259 3499 439 3566 nitentium
464 3496 726 3583 jurisdictionem
758 3495 959 3562 ordinariam
989 3519 1123 3564 suorum
1153 3501 1305 3586 praelato-

260 3623 343 3682 rum,
367 3600 587 3668 extraharab
610 3600 758 3684 hisquae
793 3597 855 3664 Dei
889 3605 977 3678 sunt,
999 3601 1036 3666 in
1058 3623 1197 3689 eaquae
1226 3608 1306 3669 sunt

138 3757 142 3765 .
260 3703 385 3784 mundi,
407 3724 466 3768 eeu
488 3701 599 3788 potius
632 3702 668 3766 in
701 3723 740 3766 ea
762 3723 836 3787 qnae
865 3707 946 3766 sunt
968 3702 1103 3782 dissidii,
1135 3704 1177 3770 ad
1207 3707 1306 3792 pedes

261 3812 380 3872 vestrae
402 3804 613 3892 paternitatis
637 3803 830 3890 provolutus
853 3803 1024 3870 humiliter
1045 3807 1203 3894 supplico,
1226 3830 1305 3894 qua-

261 3915 356 3976 tenus
379 3913 495 3976 contra
517 3907 676 3994 prsediete
701 3906 812 3991 eisque
843 3906 965 3970 similia
995 3909 1167 3994 provideat
1197 3915 1307 3977 vestra

260 4011 515 4099 prudentissima
537 4009 697 4086 discretio,
714 4013 875 4093 quantum
899 4009 1052 4096 possibile
1075 4009 1146 4090 est⁴‚
1162 4014 1307 4079 remedia
1378 4057 1385 4074 .

260 4113 426 4194 salubria3
455 4117 490 4180 et
512 4111 690 4200 prudentia
712 4110 837 4178 divinae
860 4111 1034 4198 sapientiae
1057 4133 1131 4198 quse
1152 4115 1189 4179 in
1211 4115 1306 4180 vobis

261 4215 443 4282 eminenter
475 4214 589 4294 elucet,
621 4213 754 4300 deteget
788 4212 923 4300 laqueos
956 4216 1090 4281 astutise
1123 4217 1305 4296 mundanae,

260 4319 417 4406 fugatque
438 4316 562 4382 mullis
584 4316 745 4394 tenebras,
769 4316 898 4401 iterque
920 4318 1105 4404 complanet
1119 4319 1305 4388 uolentibus

261 4421 402 4509 dirigam
424 4419 521 4506 pedes
543 4440 619 4484 euos
641 4418 677 4484 in
699 4417 789 4485 viam
811 4417 901 4506 pacis
922 4424 958 4486 et
978 4421 1095 4486 salutis
1116 4427 1245 4490 eternae

296 4676 302 4704 ¹
321 4675 407 4741 Buta]
426 4683 452 4725 et
461 4674 542 4735 Buks,
554 4673 643 4724 0.c.c.
844 4673 972 4739 ’μουσικῇ
991 4688 1099 4738 possm,
1112 4675 1200 4728 cmc.

293 4757 304 4784 ²
320 4753 468 4820 Edelsberp]
481 4753 631 4819 Elderllerg,
652 4752 757 4818 cdo,

260 4834 311 4884 sne
318 4833 645 4896 annumeraratas
652 4833 757 4899 mapa.
843 4807 917 4873 'etl
935 4807 976 4872 sit
989 4807 1078 4860 0-0-0.
