3500 5784
483 845 548 908 210
805 859 953 910 nossem
975 859 1203 911 ssossrrusrn

482 1031 727 1117 amputandum.
786 1030 1037 1098 Convincuntur
1073 1033 1176 1120 igitur
1207 1056 1250 1098 ex
1279 1033 1340 1113 his,
1371 1039 1413 1097 ut
1448 1053 1528 1106 reor,

482 1133 617 1198 abbates
646 1133 821 1218 justitiarii
853 1157 896 1200 ex
927 1136 1129 1222 susceptione
1163 1140 1198 1201 et
1234 1135 1426 1202 executione
1456 1134 1533 1199 talis

484 1235 580 1302 officii
611 1237 756 1324 graviter
787 1259 939 1324 peccare3
969 1239 1057 1324 quod
1087 1239 1288 1326 propositum
1318 1243 1390 1304 erat
1427 1242 1534 1302 osten-

400 1331 403 1338 ’
483 1339 566 1406 dere.
628 1339 802 1407 Oanonicae
835 1343 938 1406 etiam
975 1342 1158 1408 sanctiones
1195 1341 1326 1407 eosdem
1362 1341 1533 1406 evidenter

484 1442 683 1508 concludunt
714 1443 775 1509 sub
806 1449 958 1530 peccat03
989 1446 1167 1510 secundum
1200 1467 1339 1510 canones
1373 1445 1463 1510 enim
1484 1441 1537 1508 fas'

483 1565 550 1610 non
581 1550 631 1610 est
662 1547 760 1612 curiae
791 1547 845 1611 vel
878 1544 1085 1633 publicarum
1118 1571 1229 1614 rerum
1250 1549 1389 1613 nexibus
1422 1546 1532 1634 impli-

483 1654 581 1732 catos,
616 1650 738 1716 divinis
769 1651 949 1718 servituros
982 1651 1144 1739 applicare
1180 1652 1378 1718 ministeriis
1435 1649 1531 1716 Nun·

486 1753 566 1838 quid
587 1753 691 1840 igitur
722 1775 741 1818 e
774 1773 929 1820 converso
950 1753 1000 1820 fas
1034 1755 1098 1820 erit
1118 1755 1242 1820 divinis
1264 1754 1453 1820 ministeriis
1475 1777 1531 1841 ap

483 1856 620 1941 plicatos
642 1855 846 1942 publicarum
877 1879 988 1924 rerum
1024 1859 1164 1924 nexibus
1196 1857 1378 1945 implicarit
1422 1857 1529 1922 Absit

315 1974 415 2026 Daret
484 1957 578 2023 Siout
600 1959 689 2023 enim
712 1959 866 2024 scribitur
897 1961 1017 2026 iterato
1039 1961 1076 2024 in
1098 1981 1228 2039 canone,
1254 1969 1272 1995 ‘⁴
1281 1962 1450 2048 episcopus
1471 1966 1531 2024 out

316 2041 435 2160 ssssffi
448 2043 469 2096 L
484 2066 503 2097 “
524 2061 670 2127 sacerdos
701 2065 761 2126 aut
783 2061 937 2127 diaconus
959 2083 1166 2149 nequaquam
1196 2063 1297 2129 seculi
1328 2084 1421 2128 curas
1443 2084 1533 2128 assu-

316 2179 355 2225 es.
484 2172 502 2198 “
522 2168 593 2228 mat
606 2187 615 2245 3
628 2163 681 2228 ein
695 2163 800 2243 aliter,
818 2163 1006 2230 deiciatur.'’
1050 2165 1193 2230 Basilius
1207 2187 1336 2252 quoque
1351 2165 1528 2252 episcopus,

481 2267 574 2332 velut
595 2287 681 2332 unus
712 2265 753 2332 de
786 2265 886 2347 laicis,
909 2269 946 2332 in
979 2269 1084 2333 causis
1116 2268 1314 2334 secularibus
1344 2272 1528 2354 occupatus,

482 2376 501 2407 “
524 2369 679 2456 quoniam
694 2369 763 2435 haec
785 2385 837 2434 res
851 2370 960 2456 ipsum
974 2370 1077 2436 vilem
1091 2371 1235 2436 reddidit
1256 2376 1292 2436 et
1312 2371 1529 2436 reverentiam

482 2478 501 2508 “
523 2473 753 2538 eocenlotelem
775 2471 982 2551 adnihilavit,
998 2473 1042 2538 ed
1056 2472 1288 2539 revertendum
1310 2471 1355 2538 ed
1376 2471 1465 2552 hoc‚''
1487 2493 1530 2536 ex

315 2585 340 2635 s.
354 2585 458 2654 (ἕτερον.
480 2576 635 2641 mandato
657 2575 748 2640 beati
771 2573 920 2662 Gregorii
942 2575 1120 2642 “districta
1134 2577 1325 2642 executione
1346 2575 1530 2661 compulsus

313 2652 466 2770 {ittig-¹⁰·
481 2685 500 2712 ⁴‹
522 2677 601 2744 eser
634 2679 700 2744 see
714 2679 876 2765 numquid
892 2678 963 2744 uaeo
977 2679 1090 2744 auem
1104 2701 1156 2744 ras
1171 2679 1325 2744 abesam
1339 2699 1406 2744 non
1420 2677 1531 2742 resen

316 2735 385 2837 mli.
418 2761 423 2774 ⁸
480 2781 590 2863 vilem,
624 2787 659 2847 et
695 2782 916 2847 reverentiam
954 2781 1120 2868 religionis
1157 2782 1344 2847 adnihilat?
1395 2779 1532 2867 Propter

480 2883 549 2964 hoc,
582 2885 666 2950 sicut
687 2885 774 2950 infra
796 2885 954 2971 scriptum
977 2890 1028 2950 est
1048 2885 1085 2949 in
1107 2906 1238 2965 canone,
1268 2906 1344 2950 eum
1366 2904 1464 2970 quem
1486 2905 1530 2947 ex

478 2987 641 3074 dignitate
663 2989 785 3074 gradus
807 2988 1015 3054 ecclesiastici
1048 2993 1176 3075 oportet
1204 2986 1532 3074 irreprehensibiliter

478 3091 612 3171 vivere3
644 3112 751 3177 neque
777 3090 924 3177 judicem
954 3109 1060 3176 neque
1097 3091 1298 3176 cognitorem
1335 3091 1530 3156 secularium

478 3193 684 3278 negotiorum
706 3193 781 3258 vult
802 3193 900 3258 hodie
916 3191 1067 3258 Christus
1089 3193 1249 3275 ordinare,
1264 3214 1308 3258 ne
1331 3193 1528 3280 praefocatus

478 3296 694 3384 praesentibus
729 3297 898 3362 hominum
930 3298 1016 3363 curis
1049 3319 1117 3362 non
1139 3298 1242 3386 possit
1264 3298 1365 3363 verbo
1387 3298 1451 3363 Dei
1473 3319 1531 3361 va-

478 3421 571 3480 care3
593 3401 650 3465 sed
672 3400 742 3466 haec
773 3421 869 3486 opere
900 3400 964 3464 sibi
995 3400 1137 3465 invicem
1169 3400 1347 3466 exhibeant
1375 3405 1530 3465 vacantes

478 3501 561 3583 laici,
586 3507 620 3569 et
642 3504 679 3567 in
700 3502 889 3589 hujusmodi
911 3503 1016 3590 gradu
1036 3504 1253 3568 constitutum
1274 3525 1371 3568 nemo
1393 3515 1530 3588 occupet

478 3606 520 3670 ab
543 3605 594 3671 his
617 3606 737 3672 studiis
759 3627 816 3692 per
838 3629 911 3692 quoe
934 3607 1020 3671 salus
1042 3607 1229 3672 hominibus
1254 3606 1360 3671 datur.

309 3723 444 3778 rhesame
524 3709 623 3774 Ratio
645 3709 745 3774 etiem
767 3709 903 3774 evidens
934 3731 1000 3773 non
1031 3709 1135 3773 solnm
1160 3708 1333 3795 religiosos,
1349 3709 1530 3774 sedetiam

308 3791 459 3913 ffsffifflg‘r'
478 3811 557 3877 alios
572 3809 609 3876 in
624 3812 721 3878 sacris
735 3809 907 3876 ordinibus
929 3811 1133 3892 constitutoS,
1150 3812 1316 3877 convincit
1336 3809 1415 3876 non¹
1437 3833 1531 3898 posse

307 3927 457 3978 eeclesiasti-
478 3936 547 3980 esse
565 3913 693 3999 judiees
728 3913 894 3979 seculares.
946 3913 1047 3980 Terra
1077 3936 1218 4001 namque
1251 3913 1322 3979 Deo
1354 3914 1463 3979 dicata
1493 3914 1530 3978 in

306 3992 466 4059 mm·
477 4015 636 4080 humanos
658 4036 737 4079 usus
752 4033 818 4080 non
832 4020 1021 4080 revocatur:
1045 4016 1148 4081 sicut²
1163 4037 1269 4101 neque
1291 4017 1406 4080 domus
1421 4015 1529 4081 dicata

477 4119 556 4198 Dec,
572 4135 678 4203 neque
700 4139 779 4184 vasa
801 4139 899 4198 secra,
923 4139 1029 4203 neque
1051 4123 1160 4183 vestes
1182 4141 1289 4199 sacrae,
1311 4119 1349 4184 in
1371 4118 1531 4184 humanos

475 4241 553 4286 usus
586 4219 707 4284 assumi
740 4225 900 4305 possuut3
936 4219 1031 4284 valde
1064 4221 1153 4284 enim
1175 4220 1357 4286 execrabile
1379 4225 1466 4286 esset
1495 4225 1531 4285 et

474 4323 621 4388 omnium
654 4322 823 4388 hominum
856 4323 1041 4409 aspectibus
1064 4323 1342 4404 abominabilem
1384 4323 1533 4389 coemite·

472 4427 559 4490 rium
590 4429 800 4492 convertetur
833 4425 870 4488 in
904 4445 1020 4511 agrum
1056 4424 1113 4489 vel
1145 4425 1286 4504 hortum,
1324 4425 1458 4491 ecclesia
1495 4427 1533 4490 in

470 4529 649 4609 stabulum,
671 4528 725 4595 vel
748 4528 909 4608 horreum,
932 4527 986 4593 vel
1009 4527 1127 4607 aulam,
1152 4528 1207 4593 vel
1237 4529 1337 4593 aliam
1367 4529 1530 4594 officinam

503 4749 511 4778 ¹
529 4748 589 4814 nou]
608 4765 661 4813 nos
674 4749 764 4804 C.C.O.
994 4747 1001 4816 Ι
1055 4749 1158 4816 ’ωὀαἰ]
1177 4749 1302 4811 similiter,
1314 4750 1367 4801 Ox.
