3500 5784
451 839 514 902 124
771 851 919 901 noaanrr
943 851 1174 902 anessa-rosan

412 1009 415 1016 ¹
445 1023 559 1105 valed,
583 1047 706 1113 pronus
743 1023 844 1090 offero
882 1023 919 1088 in
955 1023 1072 1111 primis
1109 1045 1231 1090 munus
1261 1024 1399 1112 spiritus
1431 1025 1495 1090 mei

443 1133 595 1204 aestuans,
629 1125 783 1193 videlicet
806 1125 1027 1192 desiderium⁹
1066 1126 1111 1191 ad
1132 1126 1355 1193 exhibendum
1377 1133 1510 1193 vestrm.

444 1230 659 1296 sanctissimas
696 1227 895 1316 paternitati
931 1228 1154 1295 obedientiam
1191 1234 1227 1296 et
1263 1229 1429 1307 honorem,
1450 1236 1495 1295 ct

443 1331 722 1402 excellentissimae
736 1330 954 1398 dominationi
977 1331 1195 1398 reverentiam
1217 1337 1253 1397 et
1274 1332 1435 1409 timorem,
1456 1331 1492 1410 si,

443 1441 636 1522 cooperante
668 1435 804 1501 Domini
826 1435 946 1521 gratia,
969 1435 1058 1500 vires
1079 1433 1200 1521 agendi
1221 1434 1494 1522 conespondeant

443 1540 540 1606 aestui
571 1537 732 1617 desiderii,
768 1559 835 1603 non
857 1537 973 1615 solum,
996 1543 1157 1624 utsupra
1179 1536 1260 1614 dixi,
1283 1538 1320 1601 in
1341 1559 1493 1602 mensura

444 1641 549 1728 plena,
573 1641 631 1707 sed
649 1641 750 1706 etiam
764 1641 801 1704 in
825 1639 972 1706 conferta
987 1644 1022 1705 et
1036 1639 1201 1726 coagitata
1215 1645 1250 1706 et
1264 1637 1491 1725 superfluente

444 1744 522 1810 Nou
555 1745 645 1810 euim
676 1744 769 1810 decet
802 1743 972 1830 fastigium
1003 1742 1186 1829 potestatis,
1208 1748 1362 1809 ornatum
1384 1764 1492 1828 supcr-

444 1847 609 1913 eminente
632 1844 782 1912 claritate
803 1844 964 1922 veritatis,
987 1843 1142 1910 honorari
1167 1844 1272 1910 solum
1293 1867 1336 1909 cx
1357 1845 1492 1910 uecessi-

445 1953 514 2016 tate
537 1949 667 2030 debitis,
690 1949 748 2014 sed
770 1947 875 2013 multo
898 1946 1039 2034 amplius
1061 1969 1103 2012 ex
1124 1946 1213 2012 bona
1233 1947 1407 2014 voluntate
1419 1969 1491 2033 grn-

443 2052 531 2119 tuito
553 2052 812 2140 supererogatis;
843 2071 1031 2136 quanquam
1054 2056 1089 2116 et
1110 2051 1221 2115 omnia
1242 2071 1316 2136 quae
1338 2049 1493 2115 videntur

443 2159 682 2242 supererogata,
705 2153 832 2219 facilius
853 2152 995 2218 dixerim
1016 2159 1122 2219 tautae
1143 2157 1277 2239 tamque
1299 2153 1493 2218 venerandae

443 2256 644 2324 excellentis
667 2255 848 2322 districtius
870 2254 991 2320 debita
1046 2254 1092 2320 Et
1114 2255 1193 2340 quia
1213 2255 1316 2321 motio
1349 2255 1492 2321 affectio-

442 2359 494 2425 nis
516 2359 553 2425 in
575 2359 696 2445 spiritu
718 2380 785 2423 non
810 2357 1041 2423 manifestatur
1062 2357 1099 2422 in
1120 2358 1177 2422 via
1198 2356 1297 2443 hujus
1316 2358 1406 2435 vitae,
1428 2357 1493 2424 nisi

442 2483 500 2549 per
532 2463 707 2528 motionem
738 2461 877 2525 actionis
906 2459 943 2524 in
973 2481 1113 2546 corpore,
1146 2467 1187 2526 ut
1216 2481 1337 2525 munus
1359 2460 1493 2546 spiritus

442 2563 657 2650 proeoblatum
695 2561 882 2628 sanctitatis
919 2567 1040 2628 vestrae
1083 2560 1212 2648 fulgori,
1250 2583 1317 2627 nou
1362 2571 1493 2628 maneat

442 2668 574 2754 penitus
597 2665 769 2744 occultum,
794 2663 895 2730 offero
917 2665 1018 2730 etiam
1040 2686 1093 2730 me
1115 2665 1365 2752 paratissimum,
1380 2687 1493 2732 secun·

442 2770 522 2835 dum
545 2769 721 2858 parvitatis
743 2789 824 2834 meae
847 2767 1016 2832 modulum
1038 2766 1231 2833 adlabores
1245 2767 1396 2855 corporis,
1412 2791 1492 2854 quos

442 2873 634 2962 imposuerit
655 2877 757 2937 nutus
779 2874 898 2936 vestrm
920 2869 1152 2958 praeoeptionis.
1198 2869 1270 2936 Nec
1291 2870 1353 2936 sub
1374 2879 1493 2939 vestrae

442 2974 668 3062 praeceptionis
700 2972 843 3060 imperio,
876 2973 1017 3039 terrebit
1042 2994 1103 3051 me,
1125 2972 1202 3038 licet
1224 2973 1353 3038 viribus
1374 2995 1493 3061 parvu-

442 3078 520 3158 lum,
555 3079 688 3144 favente
720 3075 849 3164 Spiritu
883 3075 1012 3151 Sancto,
1044 3075 1200 3162 praecepti
1222 3075 1344 3141 laboris
1366 3079 1491 3166 magni-

277 3180 540 3261 Phil.iv.1a.tudo;
563 3201 637 3245 oum
660 3179 749 3244 dieat
766 3176 963 3264 Apostolus:
989 3175 1119 3244 omnia
1136 3197 1278 3264 possiam
1302 3177 1346 3243 a'a
1359 3179 1409 3244 Eo
1430 3180 1493 3266 qui

442 3303 496 3348 aaa
518 3281 684 3368 confortat
694 3305 707 3360 ;
734 3285 769 3345 et
791 3277 890 3345 oum⁸
911 3278 964 3344 vis
985 3279 1150 3356 amicitiae,
1172 3301 1246 3366 qum
1268 3281 1377 3346 minor
1398 3281 1491 3348 dino-

443 3385 547 3452 scitur
568 3386 692 3452 virtute
730 3381 936 3461 obedientiae,
970 3403 1023 3446 res
1060 3381 1283 3468 impossibiles,
1317 3389 1359 3448 ut
1394 3384 1491 3450 aiunt

443 3488 559 3554 mundi
597 3487 771 3574 sepientes,
810 3485 853 3550 ad
890 3482 1077 3571 possibilem
1113 3484 1244 3572 redigat
1281 3485 1490 3568 facultatem3

276 3613 393 3664 nuens
441 3611 580 3677 eumque
602 3589 638 3654 in
659 3587 772 3676 regula
794 3609 853 3652 sua
876 3585 966 3651 dicat
987 3585 1104 3650 beatus
1126 3584 1332 3668 Benedictus,
1358 3588 1416 3653 “si
1437 3590 1489 3654 oui

274 3681 399 3814 ffiffii)
443 3703 461 3728 “
483 3692 580 3757 fratri
602 3691 713 3777 aliqua
734 3689 818 3754 forte
833 3687 949 3775 gravia
962 3693 1022 3752 aut
1037 3687 1250 3774 impossibilia
1263 3688 1488 3776 injungantur,

275 3817 315 3865 aa.
400 3785 407 3799 ⁰
442 3805 460 3832 “
483 3793 639 3881 suscipiat
661 3792 794 3878 quidem
812 3791 963 3877 jubentis
994 3791 1168 3877 imperium
1189 3813 1264 3856 cum
1286 3793 1378 3856 omui
1399 3815 1492 3858 mnn-

443 3906 461 3936 “
483 3895 656 3962 suetudine
679 3898 713 3959 et
735 3891 943 3973 obedientia3
965 3897 1001 3958 et
1015 3893 1043 3957 si
1057 3892 1094 3956 in
1113 3915 1174 3958 sua
1195 3893 1362 3959 sententia
1375 3896 1491 3982 prioris

442 4009 459 4036 “
483 3998 655 4086 imperium
670 3995 907 4083 perduraverit,
922 3994 1006 4060 sciat
1022 3993 1159 4081 juni0r⁴
1172 3995 1221 4063 ita
1243 3996 1307 4062 sibi
1327 3999 1488 4084 expedire,

442 4109 460 4139 “
483 4109 517 4168 et
540 4123 581 4166 ex
604 4101 742 4166 caritate
768 4098 933 4165 confidens
965 4097 1006 4163 de
1037 4097 1201 4183 adjutorio
1235 4097 1308 4180 Dei,
1332 4101 1490 4167 obediat?

442 4205 477 4272 si
501 4203 605 4292 igitur
627 4201 727 4270 etiam
750 4200 964 4288 impossibilia
995 4201 1251 4288 aggrediendum
1277 4206 1336 4268 est
1359 4203 1490 4269 fortiter

442 4315 476 4374 ct
499 4306 700 4374 confidenter
731 4303 773 4370 ad
805 4303 921 4392 prioris
943 4304 1141 4391 imperium3
1175 4311 1299 4390 quanto
1321 4305 1425 4393 magis
1447 4306 1490 4372 ad

476 4667 482 4696 ¹
502 4661 581 4728 caleo]
600 4663 675 4724 valet,
686 4661 777 4714 C.C.C.
1022 4661 1033 4690 ⁸
1047 4658 1114 4725 m]
1134 4673 1184 4709 om.
1196 4659 1249 4711 sia

473 4745 484 4774 ²
499 4741 655 4808 desiderium]
674 4757 722 4793 om.
733 4741 822 4794 C.C.C.
1023 4740 1033 4770 ⁶
1041 4739 1143 4806 junior]
1159 4739 1249 4800 minor,
1261 4739 1315 4792 Sia
