3500 5784
699 864 876 916 EPISTOIAE.
1250 856 1312 917 421

265 1033 502 1101 inviolabiliter
532 1036 758 1104 observandas
807 1038 885 1106 Non
907 1043 1016 1126 potest
1037 1044 1149 1105 autem
1179 1039 1314 1127 allegari
1325 1054 1474 1107 resonam

266 1160 325 1225 pro
362 1138 597 1205 consuetudine
634 1141 720 1227 quod
757 1141 925 1229 spiscopus
962 1164 1029 1208 non
1062 1142 1223 1221 visitavit,
1247 1163 1314 1208 non
1326 1130 1425 1260 {llssge}

265 1240 445 1327 inquisivit,
469 1263 536 1307 non
569 1244 720 1324 correxit,
743 1266 803 1310 nec
834 1244 1049 1324 reformavit3
1073 1266 1180 1331 neque
1202 1246 1315 1332 potuit
1328 1262 1476 1327 sgainane

266 1342 400 1431 allegari
421 1366 480 1430 pro
498 1344 734 1411 consuetudine
756 1370 777 1411 a
799 1345 954 1433 subjectis
975 1347 1117 1434 episcopi
1138 1348 1226 1433 quod
1248 1369 1315 1413 non
1327 1328 1474 1455 δωιῗξζζῐέξῃ

267 1450 346 1511 sunt
368 1447 505 1527 visitati,
530 1470 589 1514 nec
621 1450 765 1528 correcti,
787 1472 849 1516 nec
882 1448 1060 1516 reformati.
1106 1450 1316 1517 Consuetudo
1327 1462 1368 1541 ror
1378 1472 1474 1543 amors

267 1548 355 1613 enim
386 1550 518 1637 negatio
551 1571 619 1616 non
655 1557 714 1633 est,
747 1573 852 1639 neque
886 1552 1039 1640 privati0,
1072 1574 1178 1639 neque
1212 1530 1483 1646 neglissfffffffi

266 1650 388 1737 gentis,
412 1652 469 1717 sed
491 1652 691 1719 consuetudo
724 1660 774 1721 est
795 1655 953 1742 legitimae
974 1677 1032 1721 seu
1054 1656 1154 1721 licitae
1175 1656 1315 1721 actionis
1327 1662 1474 1723 actionario

265 1754 493 1841 frequentatio.
540 1754 618 1821 Non
639 1757 776 1824 visitare
798 1762 911 1824 autem
942 1764 978 1825 et
1014 1764 1134 1825 caetera
1165 1780 1241 1844 quae
1271 1758 1315 1823 ad

1327 1728 1370 1779 the
1377 1732 1482 1782 absence

1326 1796 1450 1847 osvisita·

267 1856 408 1922 officium
438 1858 617 1945 episcopale
654 1860 823 1946 pertinent
852 1882 921 1925 non
952 1860 1064 1939 facere,
1100 1860 1235 1947 negatio
1279 1864 1438 1943 eremus

266 1959 396 2025 omissio
411 1964 445 2025 et
459 1960 661 2047 negligentia
675 1962 818 2050 episcopi
833 1970 891 2028 est
937 1962 1014 2028 Non
1030 1962 1160 2029 visitari
1176 1984 1312 2049 quoque,
1324 1938 1432 2048 pqispave

266 2082 371 2147 neque
393 2061 520 2148 corrigi,
543 2084 603 2129 nec
636 2064 814 2146 reformari,
838 2065 990 2133 similiter
1020 2066 1213 2153 negationes
1235 2072 1315 2132 sunt

266 2185 324 2229 seu
359 2164 567 2251 privationes.
613 2165 659 2231 Et
690 2168 719 2232 si
750 2168 823 2254 quis
856 2168 1068 2255 pertinaciter
1103 2169 1203 2236 vellet
1239 2190 1315 2234 con-

267 2266 401 2333 tendere
434 2268 632 2355 negationes,
664 2270 873 2356 privationes,
910 2271 1106 2351 omissiones,
1140 2276 1176 2337 et
1212 2271 1315 2357 negli-

266 2370 395 2457 gentias
426 2370 488 2435 sub
519 2370 652 2437 nomine
684 2372 931 2438 consuetudinis
962 2374 1202 2461 comprehendi,
1224 2373 1316 2438 nullo

267 2476 379 2538 tamen
415 2471 513 2537 modo
543 2478 651 2560 posset
682 2474 856 2561 praedictss
892 2477 1084 2563 negationes
1121 2476 1315 2541 convincere
1431 2498 1435 2504 ·

267 2596 335 2641 esse
357 2574 617 2654 consuetudines,
634 2576 691 2641 sed
714 2578 923 2664 corruptelas.
969 2576 1064 2643 Siout
1079 2578 1167 2643 enim
1189 2577 1315 2643 illicitae

266 2677 404 2743 aetionis
425 2678 645 2764 frequentatio
667 2680 850 2766 corruptela
872 2684 930 2757 est,
955 2680 1002 2744 sic
1024 2680 1120 2745 bonae
1155 2684 1189 2744 et
1220 2680 1315 2744 utilis
1370 2720 1377 2729 ·

267 2784 302 2845 et
324 2780 466 2847 maxime
488 2781 531 2847 ad
564 2781 703 2847 salutem
725 2782 914 2848 necessariae
937 2782 1077 2847 actionis
1100 2782 1241 2868 negatio,
1258 2803 1316 2847 seu

267 2883 419 2969 privatio,
449 2904 506 2948 seu
540 2884 680 2963 omissio,
713 2886 896 2971 corruptela
917 2890 974 2950 est
1022 2884 1110 2965 Quid
1141 2885 1230 2950 enim
1263 2891 1315 2951 est

267 2986 432 3074 corruptio
468 2986 533 3051 nisi
569 2986 649 3051 boni
686 2986 858 3053 absentiat
919 2988 1148 3053 Visitationem
1192 2992 1313 3067 autem,

266 3088 506 3169 correctionem,
530 3094 564 3154 et
596 3090 858 3155 reformationem
892 3092 966 3178 quis
998 3097 1098 3179 negat
1129 3112 1198 3156 esse
1229 3091 1316 3156 bona

267 3196 302 3256 et
325 3192 475 3257 omnibus
497 3192 608 3257 bonai
662 3192 743 3273 Quis
777 3192 865 3259 enirn
899 3200 968 3259 tam
1001 3193 1161 3280 perfectus
1196 3194 1233 3258 in
1254 3194 1316 3260 hac

267 3316 363 3360 carne
385 3293 493 3381 fragili
516 3294 639 3381 inqua
660 3294 770 3360 nullus
792 3299 843 3361 est
877 3319 898 3361 a
928 3303 1060 3383 peccato
1083 3297 1234 3376 mundus,
1258 3298 1316 3382 qui

267 3419 335 3463 non
357 3397 506 3484 indigeat
528 3398 645 3484 corrigi
668 3404 703 3463 et
725 3396 902 3479 reformari,
926 3422 963 3465 ac
994 3422 1052 3487 per
1080 3400 1141 3465 hoe
1163 3400 1317 3464 visitaril
1407 3396 1416 3419 ‘

268 3500 397 3565 Privari
419 3504 530 3565 autem
555 3500 649 3578 bono,
684 3500 757 3587 quis
790 3501 924 3567 dubitat
956 3501 1081 3566 malum
1113 3524 1182 3567 esse
1204 3502 1235 3567 ei
1258 3503 1316 3588 qui

268 3602 331 3669 sibi
354 3601 548 3689 congruenti
579 3600 686 3667 bono¹
711 3602 885 3689 privaturi
929 3602 1039 3691 Igitur
1059 3604 1097 3669 in
1129 3604 1316 3692 privatione

268 3704 438 3782 dictorum,
462 3726 530 3770 non
551 3709 662 3791 potest
685 3726 753 3771 esse
769 3707 992 3787 consuetud03
1016 3728 1089 3772 cum
1113 3729 1226 3771 eorum
1248 3707 1315 3793 pri-

267 3794 425 3873 vatio'sit
448 3808 545 3888 mala,
569 3809 768 3874 consuetudo
800 3813 914 3874 autem
945 3809 1051 3875 omnis
1073 3810 1118 3874 sit
1139 3810 1234 3889 bona,
1257 3832 1317 3874 nec

268 3914 375 3997 potest
405 3910 470 3975 dici
492 3910 580 3997 quod
604 3910 643 3976 de
676 3932 762 3975 novo
792 3909 882 3975 facta
903 3910 1051 3977 visitatio
1074 3912 1118 3977 sit
1140 3934 1235 3977 novae
1257 3912 1315 3976 ali-

269 4012 360 4098 cujus
397 4012 641 4078 consuetudinis
673 4012 821 4078 inductio
843 4012 887 4078 ad
909 4034 991 4078 onus
1013 4013 1163 4090 ecclesiae,
1186 4014 1243 4078 sed
1266 4024 1317 4079 est

269 4114 364 4181 bonae
385 4114 523 4181 actionis
554 4120 587 4181 et
620 4138 641 4179 a
668 4116 744 4200 jure
778 4116 975 4203 approbata,
999 4117 1084 4181 male
1118 4116 1245 4183 omissae
1266 4117 1317 4181 in·

269 4217 439 4295 stauratio
469 4216 513 4282 ad
535 4217 776 4283 alleviationem
809 4218 949 4285 ecelesiae
979 4218 1021 4283 ab
1055 4239 1152 4285 onere
1182 4221 1314 4305 peccati,

269 4342 343 4407 ques
388 4324 514 4406 quanto
559 4320 685 4387 diutius
723 4325 773 4386 est
810 4320 937 4400 omissa,
975 4326 1071 4386 tanto
1108 4321 1226 4390 fortius
1264 4329 1315 4389 est

270 4422 492 4489 instauranda

270 4648 449 4663 —n—-t

659 4766 666 4801 ¹
684 4766 757 4834 bono]
776 4766 839 4827 loco,
849 4766 939 4823 dcc.
