<?xml version="1.0" encoding="UTF-8"?>
<!DOCTYPE html PUBLIC "-//W3C//DTD XHTML 1.0 Transitional//EN"
    "http://www.w3.org/TR/xhtml1/DTD/xhtml1-transitional.dtd">
<html xmlns="http://www.w3.org/1999/xhtml" xml:lang="en" lang="en">
 <head>
  <title>
</title>
<meta http-equiv="Content-Type" content="text/html;charset=utf-8" />
  <meta name='ocr-system' content='tesseract 3.04.00' />
  <meta name='ocr-capabilities' content='ocr_page ocr_carea ocr_par ocr_line ocrx_word'/>
</head>
<body>
  <div class='ocr_page' id='page_1' title='image "./robertigrossete00luargoog_0205.png"; bbox 0 0 3500 5784; ppageno 0'>
   <div class='ocr_carea' id='block_1_1' title="bbox 751 851 1149 902">
    <p class='ocr_par' dir='ltr' id='par_1_1' title="bbox 751 851 1149 902">
     <span class='ocr_line' id='line_1_1' title="bbox 751 851 1149 902; baseline -0.005 -1"><span class='ocrx_word' id='word_1_1' title='bbox 751 853 897 901; x_wconf 77' lang='lat' dir='ltr'>ROBERTI</span> <span class='ocrx_word' id='word_1_2' title='bbox 921 851 1149 902; x_wconf 68' lang='lat' dir='ltr'>oaoesmmra</span> 
     </span>
    </p>
   </div>
   <div class='ocr_carea' id='block_1_2' title="bbox 908 1254 999 1322">
    <p class='ocr_par' dir='ltr' id='par_1_2' title="bbox 908 1254 999 1322">
     <span class='ocr_line' id='line_1_2' title="bbox 908 1254 999 1322; baseline -0.011 0"><span class='ocrx_word' id='word_1_3' title='bbox 908 1254 999 1322; x_wconf 92' lang='lat' dir='ltr'><strong>XVI.</strong></span> 
     </span>
    </p>
   </div>
   <div class='ocr_carea' id='block_1_3' title="bbox 303 1438 1474 1945">
    <p class='ocr_par' dir='ltr' id='par_1_3' title="bbox 303 1438 1474 1945">
     <span class='ocr_line' id='line_1_3' title="bbox 303 1438 1472 1513; baseline -0.001 -7"><span class='ocrx_word' id='word_1_4' title='bbox 303 1460 373 1509; x_wconf 83' lang='lat'>12³5.</span> <span class='ocrx_word' id='word_1_5' title='bbox 435 1443 519 1513; x_wconf 77' lang='lat' dir='ltr'>Viro</span> <span class='ocrx_word' id='word_1_6' title='bbox 542 1444 730 1513; x_wconf 65' lang='lat' dir='ltr'>recreabili</span> <span class='ocrx_word' id='word_1_7' title='bbox 755 1453 785 1513; x_wconf 82' lang='lat' dir='ltr'>ct</span> <span class='ocrx_word' id='word_1_8' title='bbox 809 1446 852 1513; x_wconf 64' lang='lat' dir='ltr'>aa</span> <span class='ocrx_word' id='word_1_9' title='bbox 868 1445 1002 1513; x_wconf 67' lang='lat' dir='ltr'>(limato</span> <span class='ocrx_word' id='word_1_10' title='bbox 1026 1441 1095 1513; x_wconf 66' lang='lat' dir='ltr'>aba·</span> <span class='ocrx_word' id='word_1_11' title='bbox 1117 1441 1338 1511; x_wconf 64' lang='lat' dir='ltr'>dilatoriam</span> <span class='ocrx_word' id='word_1_12' title='bbox 1352 1438 1472 1507; x_wconf 76' lang='lat' dir='ltr'>Fratri</span> 
     </span>
     <span class='ocr_line' id='line_1_4' title="bbox 515 1544 1471 1633; baseline -0.007 -19"><span class='ocrx_word' id='word_1_13' title='bbox 515 1548 676 1616; x_wconf 76' lang='lat' dir='ltr'>Johocot</span> <span class='ocrx_word' id='word_1_14' title='bbox 712 1548 753 1617; x_wconf 79' lang='lat' dir='ltr'>dc</span> <span class='ocrx_word' id='word_1_15' title='bbox 787 1549 912 1619; x_wconf 60' lang='lat' dir='ltr'>Sancto</span> <span class='ocrx_word' id='word_1_16' title='bbox 951 1546 1085 1633; x_wconf 71' lang='lat' dir='ltr'>Eyidc‘o,</span> <span class='ocrx_word' id='word_1_17' title='bbox 1131 1546 1269 1613; x_wconf 71' lang='lat' dir='ltr'>ordinis</span> <span class='ocrx_word' id='word_1_18' title='bbox 1306 1544 1471 1610; x_wconf 82' lang='lat' dir='ltr'>Fratrum</span> 
     </span>
     <span class='ocr_line' id='line_1_5' title="bbox 516 1645 1474 1735; baseline -0.01 -16"><span class='ocrx_word' id='word_1_19' title='bbox 516 1650 798 1735; x_wconf 64' lang='lat' dir='ltr'>Prodicum,</span> <span class='ocrx_word' id='word_1_20' title='bbox 815 1674 902 1719; x_wconf 80' lang='lat' dir='ltr'>acue</span> <span class='ocrx_word' id='word_1_21' title='bbox 923 1650 1095 1729; x_wconf 75' lang='lat' dir='ltr'>Robatca,</span> <span class='ocrx_word' id='word_1_22' title='bbox 1111 1648 1238 1717; x_wconf 74' lang='lat' dir='ltr'>diuino</span> <span class='ocrx_word' id='word_1_23' title='bbox 1251 1645 1474 1734; x_wconf 67' lang='lat' dir='ltr'>ommistione</span> 
     </span>
     <span class='ocr_line' id='line_1_6' title="bbox 516 1747 1473 1842; baseline -0.006 -21"><span class='ocrx_word' id='word_1_24' title='bbox 516 1752 774 1821; x_wconf 78' lang='lat' dir='ltr'>Liocoloieoeis</span> <span class='ocrx_word' id='word_1_25' title='bbox 792 1756 982 1842; x_wconf 71' lang='lat' dir='ltr'>Episcopus</span> <span class='ocrx_word' id='word_1_26' title='bbox 1004 1754 1151 1821; x_wconf 80' lang='lat' dir='ltr'>salutem</span> <span class='ocrx_word' id='word_1_27' title='bbox 1173 1759 1204 1819; x_wconf 84' lang='lat' dir='ltr'>et</span> <span class='ocrx_word' id='word_1_28' title='bbox 1224 1750 1364 1819; x_wconf 78' lang='lat' dir='ltr'>ricceroe</span> <span class='ocrx_word' id='word_1_29' title='bbox 1386 1747 1473 1817; x_wconf 72' lang='lat' dir='ltr'>cori·</span> 
     </span>
     <span class='ocr_line' id='line_1_7' title="bbox 517 1855 1149 1945; baseline 0.006 -22"><span class='ocrx_word' id='word_1_30' title='bbox 517 1856 599 1925; x_wconf 78' lang='lat' dir='ltr'>totis</span> <span class='ocrx_word' id='word_1_31' title='bbox 621 1864 790 1945; x_wconf 76' lang='lat' dir='ltr'>quautam</span> <span class='ocrx_word' id='word_1_32' title='bbox 811 1856 906 1925; x_wconf 76' lang='lat' dir='ltr'>latet</span> <span class='ocrx_word' id='word_1_33' title='bbox 927 1855 1149 1927; x_wconf 74' lang='lat' dir='ltr'>dilectiorwm.</span> 
     </span>
    </p>
   </div>
   <div class='ocr_carea' id='block_1_4' title="bbox 264 2032 1473 2125">
    <p class='ocr_par' dir='ltr' id='par_1_4' title="bbox 264 2032 1473 2125">
     <span class='ocr_line' id='line_1_8' title="bbox 264 2032 1473 2125; baseline -0.009 -16"><span class='ocrx_word' id='word_1_34' title='bbox 264 2058 290 2109; x_wconf 85' lang='lat' dir='ltr'>S.</span> <span class='ocrx_word' id='word_1_35' title='bbox 302 2058 361 2111; x_wconf 84' lang='lat' dir='ltr'>Joh.</span> <span class='ocrx_word' id='word_1_36' title='bbox 370 2058 396 2111; x_wconf 85' lang='lat' dir='ltr'>ii.</span> <span class='ocrx_word' id='word_1_37' title='bbox 473 2036 636 2102; x_wconf 90' lang='lat' dir='ltr'>Novimus</span> <span class='ocrx_word' id='word_1_38' title='bbox 670 2038 759 2125; x_wconf 93' lang='lat' dir='ltr'>quod</span> <span class='ocrx_word' id='word_1_39' title='bbox 796 2037 887 2104; x_wconf 72' lang='lat' dir='ltr'>aolus</span> <span class='ocrx_word' id='word_1_40' title='bbox 920 2037 1041 2103; x_wconf 81' lang='lat' dir='ltr'>domus</span> <span class='ocrx_word' id='word_1_41' title='bbox 1074 2035 1140 2101; x_wconf 83' lang='lat' dir='ltr'>Dei</span> <span class='ocrx_word' id='word_1_42' title='bbox 1170 2056 1226 2101; x_wconf 82' lang='lat' dir='ltr'>ooo</span> <span class='ocrx_word' id='word_1_43' title='bbox 1256 2032 1406 2111; x_wconf 72' lang='lat' dir='ltr'>corrodit,</span> <span class='ocrx_word' id='word_1_44' title='bbox 1438 2038 1473 2099; x_wconf 91' lang='lat' dir='ltr'>et</span> 
     </span>
    </p>
   </div>
   <div class='ocr_carea' id='block_1_5' title="bbox 263 2130 1474 2224">
    <p class='ocr_par' dir='ltr' id='par_1_5' title="bbox 263 2130 1474 2224">
     <span class='ocr_line' id='line_1_9' title="bbox 263 2130 1474 2224; baseline 0.001 -23"><span class='ocrx_word' id='word_1_45' title='bbox 263 2130 301 2179; x_wconf 87' lang='lat'>¹⁷·</span> <span class='ocrx_word' id='word_1_46' title='bbox 428 2138 624 2206; x_wconf 87' lang='lat' dir='ltr'>desiderium</span> <span class='ocrx_word' id='word_1_47' title='bbox 640 2139 729 2206; x_wconf 90' lang='lat' dir='ltr'>illius</span> <span class='ocrx_word' id='word_1_48' title='bbox 751 2139 952 2207; x_wconf 69' lang='lat' dir='ltr'>aedificandae</span> <span class='ocrx_word' id='word_1_49' title='bbox 966 2140 1178 2207; x_wconf 87' lang='lat' dir='ltr'>vehementer</span> <span class='ocrx_word' id='word_1_50' title='bbox 1198 2136 1355 2203; x_wconf 87' lang='lat' dir='ltr'>accendit.</span> <span class='ocrx_word' id='word_1_51' title='bbox 1391 2135 1474 2224; x_wconf 82' lang='lat' dir='ltr'>Sup-</span> 
     </span>
    </p>
   </div>
   <div class='ocr_carea' id='block_1_6' title="bbox 261 2220 1474 2337">
    <p class='ocr_par' dir='ltr' id='par_1_6' title="bbox 261 2220 1474 2337">
     <span class='ocr_line' id='line_1_10' title="bbox 261 2220 1474 2337; baseline -0.008 -25"><span class='ocrx_word' id='word_1_52' title='bbox 261 2220 370 2337; x_wconf 51' lang='lat' dir='ltr'>ss‘ffi&#39;,</span> <span class='ocrx_word' id='word_1_53' title='bbox 428 2243 513 2327; x_wconf 89' lang='lat' dir='ltr'>petit</span> <span class='ocrx_word' id='word_1_54' title='bbox 536 2264 665 2328; x_wconf 85' lang='lat' dir='ltr'>quoquo</span> <span class='ocrx_word' id='word_1_55' title='bbox 687 2242 782 2309; x_wconf 89' lang='lat' dir='ltr'>vobis</span> <span class='ocrx_word' id='word_1_56' title='bbox 804 2264 871 2309; x_wconf 89' lang='lat' dir='ltr'>non</span> <span class='ocrx_word' id='word_1_57' title='bbox 902 2242 1111 2309; x_wconf 76' lang='lat' dir='ltr'>mediocriter</span> <span class='ocrx_word' id='word_1_58' title='bbox 1139 2240 1197 2307; x_wconf 87' lang='lat' dir='ltr'>sed</span> <span class='ocrx_word' id='word_1_59' title='bbox 1219 2240 1402 2305; x_wconf 75' lang='lat' dir='ltr'>eminenter</span> <span class='ocrx_word' id='word_1_60' title='bbox 1423 2261 1474 2303; x_wconf 88' lang='lat' dir='ltr'>ars</span> 
     </span>
    </p>
   </div>
   <div class='ocr_carea' id='block_1_7' title="bbox 260 2341 1476 2431">
    <p class='ocr_par' dir='ltr' id='par_1_7' title="bbox 260 2341 1476 2431">
     <span class='ocr_line' id='line_1_11' title="bbox 260 2341 1476 2431; baseline 0.004 -29"><span class='ocrx_word' id='word_1_61' title='bbox 260 2353 331 2403; x_wconf 79' lang='lat' dir='ltr'>John</span> <span class='ocrx_word' id='word_1_62' title='bbox 338 2356 369 2404; x_wconf 80' lang='lat' dir='ltr'>de</span> <span class='ocrx_word' id='word_1_63' title='bbox 380 2354 416 2405; x_wconf 73' lang='lat' dir='ltr'>st.</span> <span class='ocrx_word' id='word_1_64' title='bbox 429 2342 660 2424; x_wconf 70' lang='lat' dir='ltr'>aedificatoria;</span> <span class='ocrx_word' id='word_1_65' title='bbox 683 2349 786 2411; x_wconf 85' lang='lat' dir='ltr'>restat</span> <span class='ocrx_word' id='word_1_66' title='bbox 808 2366 885 2431; x_wconf 86' lang='lat' dir='ltr'>ergo</span> <span class='ocrx_word' id='word_1_67' title='bbox 907 2351 947 2411; x_wconf 88' lang='lat' dir='ltr'>ut</span> <span class='ocrx_word' id='word_1_68' title='bbox 969 2344 1017 2411; x_wconf 91' lang='lat' dir='ltr'>ibi</span> <span class='ocrx_word' id='word_1_69' title='bbox 1039 2342 1196 2409; x_wconf 85' lang='lat' dir='ltr'>libentius</span> <span class='ocrx_word' id='word_1_70' title='bbox 1218 2364 1256 2407; x_wconf 86' lang='lat' dir='ltr'>ac</span> <span class='ocrx_word' id='word_1_71' title='bbox 1269 2341 1367 2408; x_wconf 86' lang='lat' dir='ltr'>citius</span> <span class='ocrx_word' id='word_1_72' title='bbox 1384 2362 1476 2407; x_wconf 86' lang='lat' dir='ltr'>exer·</span> 
     </span>
    </p>
   </div>
   <div class='ocr_carea' id='block_1_8' title="bbox 261 2420 1474 2550">
    <p class='ocr_par' dir='ltr' id='par_1_8' title="bbox 261 2420 1474 2550">
     <span class='ocr_line' id='line_1_12' title="bbox 261 2420 1474 2550; baseline -0.007 -32"><span class='ocrx_word' id='word_1_73' title='bbox 261 2420 392 2550; x_wconf 43' lang='lat' dir='ltr'>&amp;iffi</span> <span class='ocrx_word' id='word_1_74' title='bbox 429 2448 528 2513; x_wconf 85' lang='lat' dir='ltr'>oeatis</span> <span class='ocrx_word' id='word_1_75' title='bbox 558 2447 640 2513; x_wconf 87' lang='lat' dir='ltr'>artis</span> <span class='ocrx_word' id='word_1_76' title='bbox 671 2446 769 2533; x_wconf 89' lang='lat' dir='ltr'>hujus</span> <span class='ocrx_word' id='word_1_77' title='bbox 802 2446 952 2530; x_wconf 88' lang='lat' dir='ltr'>officium,</span> <span class='ocrx_word' id='word_1_78' title='bbox 987 2446 1045 2512; x_wconf 90' lang='lat' dir='ltr'>ubi</span> <span class='ocrx_word' id='word_1_79' title='bbox 1078 2469 1137 2533; x_wconf 91' lang='lat' dir='ltr'>per</span> <span class='ocrx_word' id='word_1_80' title='bbox 1167 2445 1249 2511; x_wconf 87' lang='lat' dir='ltr'>artis</span> <span class='ocrx_word' id='word_1_81' title='bbox 1283 2445 1474 2511; x_wconf 83' lang='lat' dir='ltr'>exercitium</span> 
     </span>
    </p>
   </div>
   <div class='ocr_carea' id='block_1_9' title="bbox 261 2547 1482 4485">
    <p class='ocr_par' dir='ltr' id='par_1_9' title="bbox 261 2547 1476 2841">
     <span class='ocr_line' id='line_1_13' title="bbox 262 2547 1475 2639; baseline -0.004 -21"><span class='ocrx_word' id='word_1_82' title='bbox 262 2555 369 2605; x_wconf 74' lang='lat' dir='ltr'>auown</span> <span class='ocrx_word' id='word_1_83' title='bbox 429 2550 526 2617; x_wconf 87' lang='lat' dir='ltr'>citius</span> <span class='ocrx_word' id='word_1_84' title='bbox 572 2570 730 2639; x_wconf 81' lang='lat' dir='ltr'>exurgere</span> <span class='ocrx_word' id='word_1_85' title='bbox 774 2550 920 2617; x_wconf 88' lang='lat' dir='ltr'>creditur</span> <span class='ocrx_word' id='word_1_86' title='bbox 962 2548 1101 2616; x_wconf 85' lang='lat' dir='ltr'>caelestis</span> <span class='ocrx_word' id='word_1_87' title='bbox 1138 2548 1255 2614; x_wconf 84' lang='lat' dir='ltr'>domus</span> <span class='ocrx_word' id='word_1_88' title='bbox 1292 2547 1475 2616; x_wconf 71' lang='lat' dir='ltr'>edifidum.</span> 
     </span>
     <span class='ocr_line' id='line_1_14' title="bbox 261 2630 1475 2741; baseline -0.005 -21"><span class='ocrx_word' id='word_1_89' title='bbox 261 2630 375 2689; x_wconf 62' lang='lat' dir='ltr'>⁰⁰¹¹m¹5¹</span> <span class='ocrx_word' id='word_1_90' title='bbox 429 2654 503 2720; x_wconf 91' lang='lat' dir='ltr'>Hoc</span> <span class='ocrx_word' id='word_1_91' title='bbox 537 2656 648 2721; x_wconf 89' lang='lat' dir='ltr'>autem</span> <span class='ocrx_word' id='word_1_92' title='bbox 685 2674 744 2741; x_wconf 88' lang='lat' dir='ltr'>per</span> <span class='ocrx_word' id='word_1_93' title='bbox 774 2674 833 2718; x_wconf 86' lang='lat' dir='ltr'>vos</span> <span class='ocrx_word' id='word_1_94' title='bbox 865 2652 904 2717; x_wconf 88' lang='lat' dir='ltr'>in</span> <span class='ocrx_word' id='word_1_95' title='bbox 935 2655 1025 2717; x_wconf 91' lang='lat' dir='ltr'>terra</span> <span class='ocrx_word' id='word_1_96' title='bbox 1055 2650 1244 2717; x_wconf 77' lang='lat' dir='ltr'>nativitatis</span> <span class='ocrx_word' id='word_1_97' title='bbox 1276 2654 1404 2731; x_wconf 73' lang='lat' dir='ltr'>vestra,</span> <span class='ocrx_word' id='word_1_98' title='bbox 1438 2651 1475 2715; x_wconf 90' lang='lat' dir='ltr'>ni</span> 
     </span>
     <span class='ocr_line' id='line_1_15' title="bbox 430 2751 1476 2841; baseline -0.005 -19"><span class='ocrx_word' id='word_1_99' title='bbox 430 2756 642 2825; x_wconf 88' lang='lat' dir='ltr'>vehementer</span> <span class='ocrx_word' id='word_1_100' title='bbox 678 2755 840 2835; x_wconf 84' lang='lat' dir='ltr'>fallamur,</span> <span class='ocrx_word' id='word_1_101' title='bbox 877 2754 1036 2821; x_wconf 85' lang='lat' dir='ltr'>efficacius</span> <span class='ocrx_word' id='word_1_102' title='bbox 1073 2776 1172 2841; x_wconf 88' lang='lat' dir='ltr'>quam</span> <span class='ocrx_word' id='word_1_103' title='bbox 1205 2751 1286 2817; x_wconf 87' lang='lat' dir='ltr'>alibi</span> <span class='ocrx_word' id='word_1_104' title='bbox 1322 2752 1476 2840; x_wconf 88' lang='lat' dir='ltr'>compleri</span> 
     </span>
    </p>

    <p class='ocr_par' dir='ltr' id='par_1_10' title="bbox 428 2856 1477 2946">
     <span class='ocr_line' id='line_1_16' title="bbox 428 2856 1477 2946; baseline -0.005 -21"><span class='ocrx_word' id='word_1_105' title='bbox 428 2859 559 2946; x_wconf 88' lang='lat' dir='ltr'>poterit.</span> <span class='ocrx_word' id='word_1_106' title='bbox 603 2858 674 2926; x_wconf 87' lang='lat' dir='ltr'>Neo</span> <span class='ocrx_word' id='word_1_107' title='bbox 707 2880 788 2946; x_wconf 85' lang='lat' dir='ltr'>opus</span> <span class='ocrx_word' id='word_1_108' title='bbox 819 2862 878 2937; x_wconf 88' lang='lat' dir='ltr'>est,</span> <span class='ocrx_word' id='word_1_109' title='bbox 902 2864 942 2923; x_wconf 90' lang='lat' dir='ltr'>ut</span> <span class='ocrx_word' id='word_1_110' title='bbox 963 2861 1082 2923; x_wconf 85' lang='lat' dir='ltr'>vestrae</span> <span class='ocrx_word' id='word_1_111' title='bbox 1115 2856 1300 2942; x_wconf 83' lang='lat' dir='ltr'>prudentiae</span> <span class='ocrx_word' id='word_1_112' title='bbox 1330 2856 1477 2921; x_wconf 83' lang='lat' dir='ltr'>nitamur</span> 
     </span>
    </p>

    <p class='ocr_par' dir='ltr' id='par_1_11' title="bbox 428 2958 1477 3048">
     <span class='ocr_line' id='line_1_17' title="bbox 428 2958 1477 3048; baseline -0.004 -19"><span class='ocrx_word' id='word_1_113' title='bbox 428 2962 489 3029; x_wconf 90' lang='lat' dir='ltr'>boc</span> <span class='ocrx_word' id='word_1_114' title='bbox 522 2962 707 3027; x_wconf 88' lang='lat' dir='ltr'>rationibus</span> <span class='ocrx_word' id='word_1_115' title='bbox 740 2961 954 3048; x_wconf 84' lang='lat' dir='ltr'>persuadere3</span> <span class='ocrx_word' id='word_1_116' title='bbox 991 2961 1064 3047; x_wconf 85' lang='lat' dir='ltr'>ipsa</span> <span class='ocrx_word' id='word_1_117' title='bbox 1096 2960 1185 3025; x_wconf 86' lang='lat' dir='ltr'>enim</span> <span class='ocrx_word' id='word_1_118' title='bbox 1223 2958 1288 3024; x_wconf 88' lang='lat' dir='ltr'>sibi</span> <span class='ocrx_word' id='word_1_119' title='bbox 1318 2959 1382 3046; x_wconf 85' lang='lat' dir='ltr'>ipsi</span> <span class='ocrx_word' id='word_1_120' title='bbox 1414 2960 1477 3025; x_wconf 91' lang='lat' dir='ltr'>hoc</span> 
     </span>
    </p>

    <p class='ocr_par' dir='ltr' id='par_1_12' title="bbox 261 3062 1478 3255">
     <span class='ocr_line' id='line_1_18' title="bbox 261 3062 1477 3151; baseline -0.003 -21"><span class='ocrx_word' id='word_1_121' title='bbox 261 3079 362 3130; x_wconf 76' lang='lat' dir='ltr'>Romi.</span> <span class='ocrx_word' id='word_1_122' title='bbox 377 3085 414 3131; x_wconf 81' lang='lat'>14.</span> <span class='ocrx_word' id='word_1_123' title='bbox 428 3063 639 3151; x_wconf 79' lang='lat' dir='ltr'>persuadebit</span> <span class='ocrx_word' id='word_1_124' title='bbox 676 3063 837 3130; x_wconf 75' lang='lat' dir='ltr'>facillime.</span> <span class='ocrx_word' id='word_1_125' title='bbox 899 3064 1066 3130; x_wconf 72' lang='lat' dir='ltr'>Caeterum</span> <span class='ocrx_word' id='word_1_126' title='bbox 1104 3084 1178 3128; x_wconf 89' lang='lat' dir='ltr'>cum</span> <span class='ocrx_word' id='word_1_127' title='bbox 1214 3062 1367 3127; x_wconf 88' lang='lat' dir='ltr'>omnibus</span> <span class='ocrx_word' id='word_1_128' title='bbox 1403 3062 1477 3127; x_wconf 83' lang='lat' dir='ltr'>sitis</span> 
     </span>
     <span class='ocr_line' id='line_1_19' title="bbox 429 3165 1478 3255; baseline -0.001 -23"><span class='ocrx_word' id='word_1_129' title='bbox 429 3167 593 3234; x_wconf 79' lang='lat' dir='ltr'>debitores</span> <span class='ocrx_word' id='word_1_130' title='bbox 616 3167 864 3255; x_wconf 80' lang='lat' dir='ltr'>evangelizandi</span> <span class='ocrx_word' id='word_1_131' title='bbox 886 3166 1024 3232; x_wconf 88' lang='lat' dir='ltr'>verbum</span> <span class='ocrx_word' id='word_1_132' title='bbox 1053 3166 1176 3244; x_wconf 87' lang='lat' dir='ltr'>salutis,</span> <span class='ocrx_word' id='word_1_133' title='bbox 1200 3165 1345 3230; x_wconf 82' lang='lat' dir='ltr'>maxime</span> <span class='ocrx_word' id='word_1_134' title='bbox 1365 3170 1478 3231; x_wconf 85' lang='lat' dir='ltr'>tamen</span> 
     </span>
    </p>

    <p class='ocr_par' dir='ltr' id='par_1_13' title="bbox 428 3268 1478 3357">
     <span class='ocr_line' id='line_1_20' title="bbox 428 3268 1478 3357; baseline -0.002 -20"><span class='ocrx_word' id='word_1_135' title='bbox 428 3272 502 3348; x_wconf 88' lang='lat' dir='ltr'>illis,</span> <span class='ocrx_word' id='word_1_136' title='bbox 534 3270 592 3356; x_wconf 90' lang='lat' dir='ltr'>qui</span> <span class='ocrx_word' id='word_1_137' title='bbox 624 3292 683 3357; x_wconf 88' lang='lat' dir='ltr'>per</span> <span class='ocrx_word' id='word_1_138' title='bbox 704 3270 874 3335; x_wconf 86' lang='lat' dir='ltr'>vinculum</span> <span class='ocrx_word' id='word_1_139' title='bbox 900 3269 1045 3355; x_wconf 86' lang='lat' dir='ltr'>ejusdem</span> <span class='ocrx_word' id='word_1_140' title='bbox 1067 3268 1212 3335; x_wconf 86' lang='lat' dir='ltr'>nationis</span> <span class='ocrx_word' id='word_1_141' title='bbox 1233 3270 1328 3334; x_wconf 86' lang='lat' dir='ltr'>vobis</span> <span class='ocrx_word' id='word_1_142' title='bbox 1349 3269 1478 3335; x_wconf 87' lang='lat' dir='ltr'>astricti</span> 
     </span>
    </p>

    <p class='ocr_par' dir='ltr' id='par_1_14' title="bbox 430 3370 1476 3459">
     <span class='ocr_line' id='line_1_21' title="bbox 430 3370 1476 3459; baseline -0.003 -20"><span class='ocrx_word' id='word_1_143' title='bbox 430 3380 510 3439; x_wconf 84' lang='lat' dir='ltr'>sunt</span> <span class='ocrx_word' id='word_1_144' title='bbox 532 3372 675 3459; x_wconf 89' lang='lat' dir='ltr'>quodam</span> <span class='ocrx_word' id='word_1_145' title='bbox 696 3372 818 3438; x_wconf 86' lang='lat' dir='ltr'>foedere</span> <span class='ocrx_word' id='word_1_146' title='bbox 849 3371 1073 3439; x_wconf 83' lang='lat' dir='ltr'>fratemitatia</span> <span class='ocrx_word' id='word_1_147' title='bbox 1120 3370 1201 3437; x_wconf 89' lang='lat' dir='ltr'>Ideo</span> <span class='ocrx_word' id='word_1_148' title='bbox 1235 3377 1269 3437; x_wconf 89' lang='lat' dir='ltr'>et</span> <span class='ocrx_word' id='word_1_149' title='bbox 1291 3370 1476 3458; x_wconf 72' lang='lat' dir='ltr'>Apostolus,</span> 
     </span>
    </p>

    <p class='ocr_par' dir='ltr' id='par_1_15' title="bbox 263 3472 1478 3666">
     <span class='ocr_line' id='line_1_22' title="bbox 263 3472 1478 3561; baseline -0.003 -16"><span class='ocrx_word' id='word_1_150' title='bbox 263 3494 335 3545; x_wconf 83' lang='lat' dir='ltr'>Rom.</span> <span class='ocrx_word' id='word_1_151' title='bbox 348 3493 416 3545; x_wconf 68' lang='lat' dir='ltr'>ixa.</span> <span class='ocrx_word' id='word_1_152' title='bbox 429 3483 470 3541; x_wconf 87' lang='lat' dir='ltr'>ut</span> <span class='ocrx_word' id='word_1_153' title='bbox 507 3475 607 3555; x_wconf 87' lang='lat' dir='ltr'>scitis,</span> <span class='ocrx_word' id='word_1_154' title='bbox 641 3474 825 3561; x_wconf 79' lang='lat' dir='ltr'>specialiter</span> <span class='ocrx_word' id='word_1_155' title='bbox 856 3479 951 3561; x_wconf 89' lang='lat' dir='ltr'>optat</span> <span class='ocrx_word' id='word_1_156' title='bbox 984 3472 1167 3541; x_wconf 63' lang='lat' dir='ltr'>marmora</span> <span class='ocrx_word' id='word_1_157' title='bbox 1195 3495 1262 3540; x_wconf 83' lang='lat' dir='ltr'>esse</span> <span class='ocrx_word' id='word_1_158' title='bbox 1290 3496 1314 3539; x_wconf 84' lang='lat' dir='ltr'>a</span> <span class='ocrx_word' id='word_1_159' title='bbox 1344 3472 1478 3541; x_wconf 67' lang='lat' dir='ltr'>atrato</span> 
     </span>
     <span class='ocr_line' id='line_1_23' title="bbox 427 3575 1477 3666; baseline -0.003 -21"><span class='ocrx_word' id='word_1_160' title='bbox 427 3600 493 3666; x_wconf 77' lang='lat' dir='ltr'>pro</span> <span class='ocrx_word' id='word_1_161' title='bbox 517 3576 692 3665; x_wconf 70' lang='lat' dir='ltr'>frutribus</span> <span class='ocrx_word' id='word_1_162' title='bbox 721 3576 798 3644; x_wconf 81' lang='lat' dir='ltr'>suis</span> <span class='ocrx_word' id='word_1_163' title='bbox 828 3575 982 3661; x_wconf 74' lang='lat' dir='ltr'>coyreotia</span> <span class='ocrx_word' id='word_1_164' title='bbox 1011 3575 1079 3643; x_wconf 70' lang='lat' dir='ltr'>abt</span> <span class='ocrx_word' id='word_1_165' title='bbox 1107 3575 1301 3644; x_wconf 74' lang='lat' dir='ltr'>commedere</span> <span class='ocrx_word' id='word_1_166' title='bbox 1331 3598 1477 3659; x_wconf 81' lang='lat' dir='ltr'>cornera,</span> 
     </span>
    </p>

    <p class='ocr_par' dir='ltr' id='par_1_16' title="bbox 307 3678 1480 3870">
     <span class='ocr_line' id='line_1_24' title="bbox 307 3678 1479 3760; baseline -0.002 -13"><span class='ocrx_word' id='word_1_167' title='bbox 307 3694 310 3701; x_wconf 85' lang='grc'><strong>’</strong></span> <span class='ocrx_word' id='word_1_168' title='bbox 432 3680 585 3747; x_wconf 87' lang='lat' dir='ltr'>videlicet</span> <span class='ocrx_word' id='word_1_169' title='bbox 607 3678 774 3746; x_wconf 88' lang='lat' dir='ltr'>Israelitis.</span> <span class='ocrx_word' id='word_1_170' title='bbox 819 3678 939 3745; x_wconf 83' lang='lat' dir='ltr'>Adhuc</span> <span class='ocrx_word' id='word_1_171' title='bbox 970 3688 1010 3745; x_wconf 86' lang='lat' dir='ltr'>ut</span> <span class='ocrx_word' id='word_1_172' title='bbox 1041 3679 1181 3745; x_wconf 91' lang='lat' dir='ltr'>firmiter</span> <span class='ocrx_word' id='word_1_173' title='bbox 1213 3679 1385 3760; x_wconf 85' lang='lat' dir='ltr'>credimus,</span> <span class='ocrx_word' id='word_1_174' title='bbox 1411 3702 1479 3745; x_wconf 88' lang='lat' dir='ltr'>non</span> 
     </span>
     <span class='ocr_line' id='line_1_25' title="bbox 431 3781 1480 3870; baseline 0 -21"><span class='ocrx_word' id='word_1_175' title='bbox 431 3788 481 3849; x_wconf 89' lang='lat' dir='ltr'>est</span> <span class='ocrx_word' id='word_1_176' title='bbox 514 3804 654 3869; x_wconf 86' lang='lat' dir='ltr'>usquam</span> <span class='ocrx_word' id='word_1_177' title='bbox 676 3781 719 3847; x_wconf 92' lang='lat' dir='ltr'>ab</span> <span class='ocrx_word' id='word_1_178' title='bbox 742 3781 908 3868; x_wconf 78' lang='lat' dir='ltr'>aliquibus</span> <span class='ocrx_word' id='word_1_179' title='bbox 942 3781 1138 3847; x_wconf 79' lang='lat' dir='ltr'>mortalibus</span> <span class='ocrx_word' id='word_1_180' title='bbox 1161 3787 1272 3848; x_wconf 88' lang='lat' dir='ltr'>vestra</span> <span class='ocrx_word' id='word_1_181' title='bbox 1304 3784 1480 3870; x_wconf 77' lang='lat' dir='ltr'>praesentia</span> 
     </span>
    </p>

    <p class='ocr_par' dir='ltr' id='par_1_17' title="bbox 432 3886 1480 4076">
     <span class='ocr_line' id='line_1_26' title="bbox 432 3886 1480 3972; baseline 0 -19"><span class='ocrx_word' id='word_1_182' title='bbox 432 3893 565 3953; x_wconf 89' lang='lat' dir='ltr'>tantum</span> <span class='ocrx_word' id='word_1_183' title='bbox 608 3886 801 3965; x_wconf 83' lang='lat' dir='ltr'>desiderata,</span> <span class='ocrx_word' id='word_1_184' title='bbox 839 3892 999 3972; x_wconf 88' lang='lat' dir='ltr'>quantum</span> <span class='ocrx_word' id='word_1_185' title='bbox 1038 3908 1060 3952; x_wconf 90' lang='lat' dir='ltr'>a</span> <span class='ocrx_word' id='word_1_186' title='bbox 1100 3888 1195 3953; x_wconf 88' lang='lat' dir='ltr'>nobis</span> <span class='ocrx_word' id='word_1_187' title='bbox 1233 3896 1267 3953; x_wconf 88' lang='lat' dir='ltr'>et</span> <span class='ocrx_word' id='word_1_188' title='bbox 1303 3910 1325 3953; x_wconf 90' lang='lat' dir='ltr'>a</span> <span class='ocrx_word' id='word_1_189' title='bbox 1361 3890 1480 3955; x_wconf 71' lang='lat' dir='ltr'>vatris</span> 
     </span>
     <span class='ocr_line' id='line_1_27' title="bbox 432 3986 1479 4076; baseline 0.002 -21"><span class='ocrx_word' id='word_1_190' title='bbox 432 3988 649 4055; x_wconf 81' lang='lat' dir='ltr'>familiaribus</span> <span class='ocrx_word' id='word_1_191' title='bbox 686 3986 932 4055; x_wconf 87' lang='lat' dir='ltr'>dilectissimis¹</span> <span class='ocrx_word' id='word_1_192' title='bbox 969 3989 1058 4076; x_wconf 89' lang='lat' dir='ltr'>apud</span> <span class='ocrx_word' id='word_1_193' title='bbox 1090 4012 1149 4055; x_wconf 87' lang='lat' dir='ltr'>nos</span> <span class='ocrx_word' id='word_1_194' title='bbox 1181 3991 1479 4072; x_wconf 86' lang='lat' dir='ltr'>commorantibus3</span> 
     </span>
    </p>

    <p class='ocr_par' dir='ltr' id='par_1_18' title="bbox 432 4090 1480 4178">
     <span class='ocr_line' id='line_1_28' title="bbox 432 4090 1480 4178; baseline 0.001 -19"><span class='ocrx_word' id='word_1_195' title='bbox 432 4116 492 4159; x_wconf 88' lang='lat' dir='ltr'>nec</span> <span class='ocrx_word' id='word_1_196' title='bbox 530 4098 580 4158; x_wconf 85' lang='lat' dir='ltr'>est</span> <span class='ocrx_word' id='word_1_197' title='bbox 612 4090 731 4177; x_wconf 90' lang='lat' dir='ltr'>aliquis</span> <span class='ocrx_word' id='word_1_198' title='bbox 769 4090 993 4178; x_wconf 85' lang='lat' dir='ltr'>episcoporum</span> <span class='ocrx_word' id='word_1_199' title='bbox 1030 4092 1089 4177; x_wconf 90' lang='lat' dir='ltr'>qui</span> <span class='ocrx_word' id='word_1_200' title='bbox 1119 4096 1253 4157; x_wconf 85' lang='lat' dir='ltr'>tantum</span> <span class='ocrx_word' id='word_1_201' title='bbox 1291 4099 1400 4159; x_wconf 87' lang='lat' dir='ltr'>vestro</span> <span class='ocrx_word' id='word_1_202' title='bbox 1431 4095 1480 4160; x_wconf 91' lang='lat' dir='ltr'>in-</span> 
     </span>
    </p>

    <p class='ocr_par' dir='ltr' id='par_1_19' title="bbox 433 4192 1480 4282">
     <span class='ocr_line' id='line_1_29' title="bbox 433 4192 1480 4282; baseline 0.002 -21"><span class='ocrx_word' id='word_1_203' title='bbox 433 4198 546 4282; x_wconf 79' lang='lat' dir='ltr'>digeat</span> <span class='ocrx_word' id='word_1_204' title='bbox 578 4192 704 4259; x_wconf 86' lang='lat' dir='ltr'>auxilio</span> <span class='ocrx_word' id='word_1_205' title='bbox 736 4194 773 4257; x_wconf 88' lang='lat' dir='ltr'>in</span> <span class='ocrx_word' id='word_1_206' title='bbox 804 4193 1014 4279; x_wconf 77' lang='lat' dir='ltr'>praedicando</span> <span class='ocrx_word' id='word_1_207' title='bbox 1044 4194 1161 4258; x_wconf 88' lang='lat' dir='ltr'>salutis</span> <span class='ocrx_word' id='word_1_208' title='bbox 1187 4195 1296 4278; x_wconf 84' lang='lat' dir='ltr'>verbo,</span> <span class='ocrx_word' id='word_1_209' title='bbox 1321 4201 1480 4282; x_wconf 87' lang='lat' dir='ltr'>quantum</span> 
     </span>
    </p>

    <p class='ocr_par' dir='ltr' id='par_1_20' title="bbox 433 4294 1482 4388">
     <span class='ocr_line' id='line_1_30' title="bbox 433 4294 1482 4388; baseline 0.004 -25"><span class='ocrx_word' id='word_1_210' title='bbox 433 4320 502 4384; x_wconf 85' lang='lat' dir='ltr'>ego,</span> <span class='ocrx_word' id='word_1_211' title='bbox 526 4298 583 4383; x_wconf 92' lang='lat' dir='ltr'>qui</span> <span class='ocrx_word' id='word_1_212' title='bbox 605 4318 672 4382; x_wconf 86' lang='lat' dir='ltr'>prae</span> <span class='ocrx_word' id='word_1_213' title='bbox 696 4294 769 4360; x_wconf 88' lang='lat' dir='ltr'>aliis</span> <span class='ocrx_word' id='word_1_214' title='bbox 793 4317 873 4381; x_wconf 87' lang='lat' dir='ltr'>quos</span> <span class='ocrx_word' id='word_1_215' title='bbox 907 4295 987 4359; x_wconf 90' lang='lat' dir='ltr'>novi</span> <span class='ocrx_word' id='word_1_216' title='bbox 1011 4301 1166 4362; x_wconf 84' lang='lat' dir='ltr'>oneratus</span> <span class='ocrx_word' id='word_1_217' title='bbox 1197 4320 1269 4362; x_wconf 88' lang='lat' dir='ltr'>sum</span> <span class='ocrx_word' id='word_1_218' title='bbox 1301 4322 1387 4367; x_wconf 80' lang='lat' dir='ltr'>curae</span> <span class='ocrx_word' id='word_1_219' title='bbox 1409 4322 1482 4388; x_wconf 72' lang='lat' dir='ltr'>pm-</span> 
     </span>
    </p>

    <p class='ocr_par' dir='ltr' id='par_1_21' title="bbox 432 4398 1480 4485">
     <span class='ocr_line' id='line_1_31' title="bbox 432 4398 1480 4485; baseline 0.001 -19"><span class='ocrx_word' id='word_1_220' title='bbox 432 4398 546 4466; x_wconf 87' lang='lat' dir='ltr'>toralis</span> <span class='ocrx_word' id='word_1_221' title='bbox 584 4420 680 4465; x_wconf 88' lang='lat' dir='ltr'>onere</span> <span class='ocrx_word' id='word_1_222' title='bbox 717 4398 871 4466; x_wconf 85' lang='lat' dir='ltr'>maximo.</span> <span class='ocrx_word' id='word_1_223' title='bbox 928 4398 1012 4464; x_wconf 76' lang='lat' dir='ltr'>Cirm</span> <span class='ocrx_word' id='word_1_224' title='bbox 1046 4398 1151 4485; x_wconf 86' lang='lat' dir='ltr'>igitur</span> <span class='ocrx_word' id='word_1_225' title='bbox 1184 4405 1293 4466; x_wconf 85' lang='lat' dir='ltr'>vester</span> <span class='ocrx_word' id='word_1_226' title='bbox 1323 4403 1415 4469; x_wconf 88' lang='lat' dir='ltr'>labor</span> <span class='ocrx_word' id='word_1_227' title='bbox 1444 4404 1480 4467; x_wconf 87' lang='lat' dir='ltr'>in</span> 
     </span>
    </p>
   </div>
   <div class='ocr_carea' id='block_1_10' title="bbox 799 4734 1120 4787">
    <p class='ocr_par' dir='ltr' id='par_1_22' title="bbox 799 4734 1120 4787">
     <span class='ocr_line' id='line_1_32' title="bbox 799 4734 1120 4787; baseline 0 0"><span class='ocrx_word' id='word_1_228' title='bbox 799 4736 806 4767; x_wconf 93' lang='lat'><strong>¹</strong></span> <span class='ocrx_word' id='word_1_229' title='bbox 826 4734 915 4787; x_wconf 64' lang='lat'><strong>(200.</strong></span> <span class='ocrx_word' id='word_1_230' title='bbox 927 4734 1017 4786; x_wconf 79' lang='lat' dir='ltr'>inserts</span> <span class='ocrx_word' id='word_1_231' title='bbox 1028 4736 1120 4787; x_wconf 79' lang='lat' dir='ltr'>restris.</span> 
     </span>
    </p>
   </div>
   <div class='ocr_carea' id='block_1_11' title="bbox 0 0 1768 5784">
    <p class='ocr_par' dir='ltr' id='par_1_23' title="bbox 0 0 1768 5784">
     <span class='ocr_line' id='line_1_33' title="bbox 0 0 1768 5784; baseline 0 0"><span class='ocrx_word' id='word_1_232' title='bbox 0 0 1768 5784; x_wconf 95' lang='lat' dir='ltr'> </span> 
     </span>
    </p>
   </div>
  </div>
 </body>
</html>
