3500 5784
722 879 903 930 nmsuonn.
1274 861 1335 934 ‘171

288 1057 357 1124 taho·
377 1056 535 1144 faciebam
564 1077 683 1124 emaum
717 1064 748 1124 at
773 1057 878 1143 scotta
909 1053 980 1144 ejaas
1012 1055 1137 1123 darier
1162 1055 1341 1142 frontibus

289 1183 430 1243 mosim
452 1169 493 1228 ot
514 1161 661 1228 adamas
684 1159 838 1227 uidelicet
852 1167 883 1226 et
896 1167 936 1226 ut
950 1157 1035 1226 silea
1045 1183 1059 1240 ;
1083 1159 1123 1224 ds
1146 1159 1205 1225 hac
1220 1157 1341 1225 danitis
1436 1239 1440 1246 ι

289 1285 387 1351 quam
420 1266 538 1331 habuit
569 1265 737 1352 propheta
762 1264 819 1330 dat
853 1263 948 1329 nobis
982 1264 1036 1329 vel
1069 1263 1234 1328 modicum
1261 1260 1340 1348 quid

291 1367 353 1433 llle
375 1369 433 1454 qui
454 1371 506 1433 est
527 1389 606 1434 vera
627 1372 728 1454 petra,
752 1369 793 1433 de
820 1389 886 1452 qua
909 1365 991 1432 dicit
1013 1366 1211 1452 Apostolus:
1236 1364 1342 1432 Petra
1358 1383 1368 1428 1
1383 1379 1440 1430 Cor.
1453 1385 1510 1434 m.

290 1477 404 1537 actam
437 1477 510 1537 erat
544 1469 706 1538 Christus
753 1469 791 1535 Si
825 1490 902 1556 ergo
936 1469 1010 1534 dmi
1044 1491 1157 1534 sumus
1189 1473 1224 1534 et
1245 1469 1342 1534 ferrei

291 1574 485 1640 crudelitate
521 1577 557 1639 et
601 1573 782 1660 pertinacia
822 1573 970 1652 malitias,
1009 1576 1099 1637 orate
1143 1593 1203 1658 pro
1248 1571 1342 1637 nobis

292 1678 481 1756 Dominum,
519 1681 561 1741 ut
596 1677 682 1741 hanc
711 1675 875 1749 xduritiem
913 1695 973 1740 sua
1009 1673 1148 1740 mollitie
1186 1673 1343 1761 dignetur

292 1780 435 1861 anfene3
465 1780 594 1844 sivero
616 1778 693 1843 dun'
716 1799 829 1843 sumus
864 1783 898 1843 et
929 1776 1026 1844 fenei
1047 1777 1090 1842 ad
1112 1777 1247 1842 modum
1270 1799 1343 1864 pro-

291 1883 409 1970 phetae,
434 1886 524 1948 orate
547 1882 729 1947 Dominum
760 1887 801 1946 ut
833 1879 926 1948 haec¹
950 1880 1089 1946 durities
1111 1901 1239 1967 semper
1262 1879 1342 1945 dum

293 1985 438 2051 vivimus
459 1986 568 2072 capiat
589 1985 836 2050 incrementum.
883 1982 1008 2048 Valeta

774 2276 861 2343 LVI.

295 2439 414 2508 Nobili
442 2441 519 2508 ciro
548 2447 578 2506 et
601 2437 712 2507 amaa
738 2438 782 2506 inc
809 2435 942 2505 cuasa
966 2437 1146 2506 moissiaco
1182 2434 1346 2505 willelmo
1361 2448 1433 2496 1238-

384 2543 502 2610 comat
522 2543 688 2623 Wcauaac,
704 2542 876 2620 noceam,
893 2541 960 2608 Dei
979 2533 1098 2628 pratia
1118 2536 1344 2609 Liacolac'ca-

383 2645 433 2712 sis
461 2645 662 2734 Episcopus,
687 2645 833 2712 salutem
861 2649 892 2711 et
922 2643 1095 2712 suaseram
1127 2642 1171 2710 ia
1192 2641 1345 2712 Domino

385 2747 608 2815 dilectionem.

342 2940 523 3030 Saipsistis
544 2941 640 3007 nobis
654 2965 713 3007 vos
735 2942 877 3006 multum
896 2940 1054 3007 admirari
1076 2963 1174 3029 super
1196 2963 1234 3008 eo
1258 2941 1346 3028 quod
1360 2963 1519 3016 Thoarlos

298 3067 356 3110 vos
387 3050 422 3110 et
453 3043 495 3110 N.
518 3045 723 3132 capellanum
752 3049 902 3111 vestrum
934 3044 1030 3110 citari
1061 3042 1273 3125 decrevimus,
1297 3067 1347 3110 re·
1360 3031 1468 3149 gffi

299 3170 471 3236 sponsuros
506 3152 540 3212 et
567 3149 637 3234 juri
668 3148 833 3235 parituros
856 3170 966 3213 coram
996 3145 1092 3213 nobis
1114 3147 1168 3213 vel
1191 3147 1347 3213 officiario
1360 3165 1477 3231 chaonia

298 3258 431 3331 nostr03
469 3251 682 3316 adnectentes
719 3251 845 3315 dictum
882 3249 924 3315 N.
959 3248 1164 3336 capellanum
1199 3253 1347 3316 vestrum
1360 3232 1427 3350 {iffi
1435 3234 1516 3364 ¹32¹}

299 3352 392 3418 nulla
412 3353 595 3419 monitione
625 3354 794 3440 praemissa
824 3375 1025 3440 suspensum.
1086 3351 1214 3419 Vestrae
1243 3353 1348 3441 igitur
1360 3381 1420 3430 aar
1430 3367 1516 3418 before

301 3453 503 3522 discretionis
540 3455 715 3521 admiratio
752 3453 928 3519 manifesta
965 3454 1015 3519 est
1048 3454 1236 3535 insinuatio,
1261 3432 1484 3561 (μιοᾶξζζέἦξεκ
1526 3531 1529 3538 ⁴

301 3579 360 3623 nos
392 3558 429 3622 in
460 3559 550 3624 dicta
581 3558 739 3624 citatione
761 3557 856 3623 vobis
888 3563 922 3624 et
952 3555 1118 3645 capellano
1140 3563 1250 3624 vestro
1280 3559 1508 3623 fue-causensis
1613 3631 1621 3642 .

301 3661 403 3725 1imua
417 3660 569 3752 injuriosi
581 3686 589 3741 ;
612 3660 649 3725 in
670 3661 767 3726 modo
790 3681 920 3746 quoque
943 3659 1164 3747 suspensionis
1187 3633 1500 3751 idipsumffssfffld

302 3763 381 3829 satis
404 3763 575 3830 evidenter
596 3764 744 3828 innuitis.
791 3761 835 3827 In
856 3761 910 3828 his
934 3759 1048 3848 itaque
1070 3759 1350 3829 insinuationibus
1362 3767 1388 3815 in
1397 3767 1518 3818 theearl's

301 3890 360 3932 vos
380 3866 476 3932 nobis
491 3867 602 3953 magis,
619 3865 711 3931 salva
731 3865 918 3931 reverentia
939 3869 1058 3944 vestra,
1082 3865 1237 3951 injuriam
1260 3867 1350 3931 intu-
1362 3833 1484 3976 Ῑὲᾚὲω,
1574 3860 1641 3950 ,J'

299 3969 375 4036 lissa
388 3969 558 4049 videmini,
568 3991 642 4034 cum
657 3967 805 4033 nondum
820 3967 915 4034 vobis
931 3972 1058 4034 constet
1072 3990 1132 4034 nos
1142 3964 1237 4034 vobis
1252 3965 1351 4036 fuisse
1363 3981 1396 4016 ²¹¹
1406 3983 1502 4018 ³³⁰⁰ss-
1601 3958 1637 4010 Ἀ

302 4073 337 4138 in
360 4095 524 4160 quoquam
547 4069 729 4157 injuriosos,
753 4075 950 4158 patrumque
975 4071 1119 4137 verenda
1148 4073 1251 4159 magis
1281 4071 1350 4138 sint
1362 4037 1501 4164 {md

303 4199 323 4241 a
355 4175 434 4240 filiis
463 4175 604 4240 velanda
646 4197 744 4262 quam
782 4175 966 4240 revelanda.
1027 4174 1079 4240 Ut
1113 4180 1224 4241 autem
1255 4165 1495 4284 ississl·2²„¹}1⁰{'⁵⁸⁰

300 4280 384 4367 ligat
405 4284 516 4345 vestra
548 4277 701 4343 discretio
733 4299 800 4342 non
829 4299 890 4342 nos
912 4277 1018 4359 vobis,
1049 4277 1134 4343 sicut
1164 4277 1348 4356 insinuatis,

300 4378 398 4448 finisse
428 4380 610 4467 injuriosos,
633 4379 727 4445 vobis
757 4379 982 4466 significamus
1012 4401 1071 4466 per
1097 4380 1218 4444 famam
1247 4379 1350 4446 bono-

637 4572 739 4579 -—--
746 4572 795 4578 ...-
804 4571 834 4578 -.
841 4573 853 4577 -
862 4571 1316 4578 .—---.----——-.--u---——--

337 4681 345 4712 ¹
362 4679 426 4748 toec]
445 4693 495 4730 om.
507 4679 560 4730 Sid.
822 4674 827 4743 Ι
883 4675 1027 4743 ²idipsam]
1047 4677 1077 4728 sd
1091 4677 1284 4742 iponem.
