3500 5784
719 883 897 934 artemam
1093 846 1100 862 ’
1289 867 1335 940 77

289 1058 449 1126 filiatione
483 1058 632 1147 spiritali,
656 1057 831 1126 dilectione
864 1059 1022 1126 diuturna
1056 1063 1091 1124 et
1127 1060 1268 1147 speciali,
1301 1067 1335 1127 et

288 1163 479 1250 multiplicis
501 1162 651 1230 beneficii
673 1163 846 1230 collatione
875 1162 1026 1244 liberali3
1059 1161 1124 1227 tibi
1153 1163 1265 1250 igitur,
1295 1168 1336 1229 ut

288 1287 387 1352 supra
418 1264 499 1344 dixi,
522 1287 590 1353 prae
613 1266 738 1332 caeteris
768 1265 898 1331 debitor
929 1287 1003 1330 sum
1033 1265 1228 1352 evangelicae
1249 1266 1334 1330 veri-

288 1369 376 1449 tatis,
414 1372 454 1433 ut
490 1389 668 1456 consequar
705 1369 741 1433 in
772 1373 807 1434 tc
841 1367 1154 1435 desideratissimum
1190 1367 1335 1433 fructum

289 1485 419 1538 aetemae
464 1471 588 1538 salutis.
649 1471 703 1538 Ne
739 1471 843 1560 igitur
879 1476 1008 1537 reatum
1044 1471 1209 1536 insumam
1246 1472 1335 1536 tanti

289 1573 393 1640 debiti
415 1595 482 1640 uon
504 1573 613 1655 soluti,
635 1574 706 1641 haec
728 1573 913 1662 subscripta
934 1579 1003 1640 tuse
1033 1573 1213 1655 dilectioni,
1235 1595 1334 1660 quam
1423 1574 1427 1578 ⁸

287 1677 323 1742 in
346 1677 525 1744 visceribus
559 1677 707 1743 caritatis
739 1677 860 1742 arctius
896 1676 1073 1764 amplexor,
1108 1676 1334 1762 evangelizare

289 1781 421 1862 curavi;
443 1802 502 1846 nec
524 1781 705 1846 absterreat
726 1783 769 1858 te,
790 1780 946 1866 supplico,
968 1779 1046 1845 liost
1067 1778 1218 1866 plurimis
1241 1801 1333 1846 occu·

288 1888 402 1970 patum
434 1883 581 1971 epistolae
610 1883 784 1969 prolixitas
806 1905 827 1947 a
849 1905 909 1948 sua
930 1882 1140 1969 inspectione,
1165 1905 1239 1947 cum
1260 1905 1334 1970 pro-

288 1986 401 2051 lixitas
431 1985 501 2052 haec
530 1987 667 2074 prodeat
693 1987 734 2053 de
755 1983 849 2052 verbi
879 1984 1074 2066 abbreviati,
1101 1985 1220 2066 idest,
1250 1986 1334 2051 cari·

289 2089 368 2156 tatis
390 2089 504 2154 radice.
1050 2161 1059 2180 ·

333 2192 442 2272 Quod·
459 2192 563 2278 igitur
597 2193 634 2258 in
662 2192 768 2279 primo
799 2191 1028 2280 evangelizans
1062 2191 1127 2257 tibi
1160 2191 1440 2271 annunciamus

288 2296 348 2362 hoc
370 2301 429 2374 est,
450 2295 604 2362 videlicet
627 2295 715 2382 quod
735 2294 841 2382 pmles
862 2301 944 2361 nata
975 2299 1054 2360 ante
1083 2294 1331 2361 matrimonium
1342 2278 1458 2396 ffig}
1473 2278 1503 2329 of

288 2399 375 2464 inter
396 2405 547 2486 parentes
577 2398 646 2484 ejus
669 2402 883 2478 contractum,
907 2420 965 2485 per
985 2398 1234 2463 matrimonium
1257 2396 1476 2492 sub-naming

286 2523 424 2588 sequens
445 2501 643 2567 nanciscitur
664 2501 936 2588 legitimationem
958 2506 993 2566 et
1009 2501 1065 2587 jus
1088 2499 1330 2566 haereditarium
1343 2478 1502 2599 {efflfflffi

288 2605 323 2669 in
345 2604 538 2670 haereditate
569 2609 753 2691 parentum,
785 2602 851 2668 nisi
884 2603 969 2669 forte
1000 2603 1084 2668 ulter
1105 2603 1160 2668 vel
1192 2562 1446 2692 uterquesdouent

287 2711 459 2794 parentum
483 2706 574 2772 aliud
595 2706 687 2794 prius
721 2706 924 2793 copulaverit
954 2705 1212 2784 matrimonium,
1243 2695 1467 2797 quodffi‘

287 2815 363 2877 ants
384 2810 486 2897 prolia
508 2809 752 2896 generationem
774 2830 841 2874 non
873 2808 975 2874 fuerit
1009 2807 1176 2888 solutum;
1205 2808 1449 2894 judioesrarents-

287 2935 415 3000 quoque
438 2912 496 2999 qui
530 2912 653 2999 prolem
686 2912 875 2999 hujusmodi
907 2911 1120 2978 exhaeredant
1153 2911 1331 2977 sententia-

284 3017 361 3082 liter
382 3022 541 3102 tauquam
563 3015 707 3102 spuriam
732 3022 767 3082 et
789 3015 1005 3103 illegitimam,
1038 3016 1075 3080 iu
1105 3037 1216 3080 eorum
1248 3035 1334 3081 com-

286 3119 493 3208 putabuntur
530 3140 675 3199 numera,
714 3119 833 3205 quibus
870 3118 993 3184 dicitur
1025 3139 1082 3206 per
1127 3119 1230 3184 Amos
1260 3139 1334 3204 pro-

286 3223 441 3310 phetam:
475 3220 545 3302 Qui
576 3220 769 3286 conuertitis
799 3222 843 3286 in
865 3219 1086 3307 absynthium
1102 3220 1279 3307 judiciium
1305 3227 1427 3288 aalma
1438 3251 1462 3287 v.
1476 3239 1498 3287 7.
1563 3266 1565 3270 .

281 3324 457 3413 iristitiam
485 3323 530 3390 in
561 3329 654 3389 terra
684 3322 887 3410 relinquitis
897 3349 911 3403 ,·
946 3331 981 3391 ct
1011 3325 1132 3390 iterum
1165 3346 1225 3411 per
1254 3346 1335 3391 eun·

286 3429 360 3494 dam
389 3427 604 3515 prophetam:
641 3423 710 3508 Qui
741 3424 950 3492 convertistis
982 3425 1026 3491 in
1057 3425 1334 3493 amaritudinem
1345 3444 1426 3496 Amos
1437 3447 1471 3497 vi.

280 3529 458 3619 judic-ium
480 3527 684 3614 etfruetum
701 3527 847 3615 prestitis
869 3526 913 3595 in
939 3529 1167 3617 absynthium.
1213 3517 1386 3597 Condi-¹³·

283 3640 371 3700 tores
394 3653 522 3718 quoque
544 3630 625 3718 legis
647 3631 754 3715 hujus,
777 3631 844 3696 imo
875 3631 987 3718 potius
1021 3634 1212 3720 corruptelae
1243 3635 1332 3720 legis,

285 3759 327 3802 ex
349 3757 413 3822 qua
435 3733 541 3821 proles
563 3739 645 3799 nata
666 3740 746 3800 unte
771 3733 1020 3800 matrimonium
1054 3736 1167 3822 spuria
1197 3742 1231 3802 et
1263 3737 1336 3803 illa·

285 3839 402 3927 gitima
428 3837 607 3924 judicatur,
632 3841 666 3901 et
697 3836 739 3901 ab
774 3836 971 3904 haereditate
1002 3837 1220 3925 abjudicatur,
1253 3840 1334 3904 inci-

284 3941 369 4007 dunt
399 3941 436 4005 in
466 3938 550 4005 illud
582 3961 634 4005 vae
669 3938 767 4005 isaiae
801 3940 963 4006 dicentis:
993 3939 1052 4007 Vm
1085 3941 1148 4028 qui
1180 3941 1489 4028 condaminam.

285 4043 367 4129 lepus
388 4041 533 4130 miquas
555 4048 585 4108 et
607 4039 782 4108 scribentes
815 4041 1031 4128 injustitiam
1052 4043 1270 4131 scripserunt,
1292 4052 1333 4112 ut

285 4144 515 4233 opprimerent
550 4143 595 4210 in
625 4142 760 4230 pcdicis
794 4165 963 4232 pauperes
999 4151 1030 4212 et
1066 4145 1140 4211 m‘m
1177 4145 1332 4233 facerent

283 4269 392 4314 causa
414 4245 606 4314 inmitium
631 4245 758 4334 popuii
783 4246 860 4326 mei,
884 4253 926 4313 ut
947 4253 1052 4313 essem
1073 4247 1188 4314 uidua
1204 4242 1473 4363 pradumlflfnfflst

284 4371 400 4418 eorum
437 4357 467 4416 et
503 4348 653 4437 pupillos
695 4349 894 4436 diriperent.
937 4349 1039 4416 ‘Haec
1082 4373 1224 4438 namque
1264 4352 1328 4433 lex,
1340 4377 1386 4442 ing
1397 4341 1505 4440 sucum

162 4497 164 4502 -
284 4476 349 4541 qua
378 4452 486 4540 proles
517 4457 598 4518 nata
630 4457 708 4518 ante
739 4452 988 4519 matrimonium
1020 4452 1222 4540 subsequens
1255 4437 1504 4562 post'ffessffifft

282 4559 487 4622 contractum
509 4555 764 4635 matrimonium,
780 4554 874 4621 velut
895 4555 1070 4642 illegitima
1092 4554 1329 4638 exhaeredatur,
1341 4526 1478 4641 nigidii„

228 4679 232 4688 ·
283 4659 339 4724 lex
361 4662 412 4724 est
435 4658 549 4744 iniqua
571 4661 606 4722 et
627 4657 760 4743 injusta,
779 4657 849 4743 juri
883 4657 1027 4724 naturali
1059 4661 1093 4722 et
1123 4657 1245 4736 divino,
1277 4645 1473 4726 cu-unjustby

285 4760 403 4826 nonioo
427 4781 556 4848 quoque
587 4763 622 4824 et
643 4759 735 4826 civili
759 4759 943 4839 contraria3
974 4760 1060 4826 sicut
1093 4760 1182 4825 enim
1216 4761 1329 4829 scribit
1340 4713 1437 4829 diiii}
1434 4715 1498 4841 rii?
