3500 5784
470 911 513 975 68
794 922 941 973 nonnum
964 921 1194 972 snossnrnsrn

947 1368 1039 1440 XIX.

315 1584 379 1631 nac
392 1582 447 1650 [η.
475 1566 560 1635 Viro
574 1562 762 1633 connutriti
777 1564 820 1631 in
836 1561 970 1632 Otoisto
986 1559 1165 1628 eooisdoeo
1178 1559 1342 1647 mopistro
1356 1556 1516 1625 Jotonini

558 1670 704 1751 Blwndo,
745 1666 956 1736 Oooeocllooio
998 1664 1151 1745 Eboraci,
1188 1664 1351 1731 Robortus
1388 1662 1515 1729 dicioeu

553 1772 779 1863 pemissionc
837 1770 1094 1837 Linoolniensis
1153 1768 1291 1835 ccelesiis
1354 1766 1515 1833 minister

557 1876 705 1944 humilis
742 1874 887 1942 salutern
923 1886 955 1942 ot
990 1874 1130 1942 enno
1159 1870 1352 1939 dilectionis
1387 1891 1516 1959 sonipes

557 1986 788 2067 occqnwntnne.

302 2105 446 2228 mespoli
515 2138 608 2206 Licet
630 2138 686 2204 lex
708 2136 862 2203 amicitiis
884 2156 936 2201 res
958 2135 1060 2201 etiam
1086 2156 1161 2219 quee
1182 2132 1339 2199 videntur
1368 2132 1515 2222 impossi-

300 2230 457 2363 ffiwa
468 2241 550 2309 biles
586 2243 630 2308 ed
666 2240 852 2329 possibilem
889 2240 1019 2357 redigat
1046 2238 1248 2356 facultatem,
1287 2244 1321 2304 et
1358 2238 1515 2325 quaelibet

300 2363 445 2414 teutonos
468 2346 606 2411 adversa
639 2367 699 2432 pro
735 2342 856 2409 soedere
889 2343 1073 2409 dlleotroms
1106 2363 1172 2407 non
1209 2342 1390 2429 rumpendo
1420 2348 1514 2429 cogat

300 2431 432 2547 fflfiffi'
468 2449 600 2513 fortiter
620 2448 834 2532 hilariterque
856 2445 1016 2527 tolerare;
1046 2466 1110 2509 non
1136 2444 1210 2511 vult
1232 2450 1343 2511 tamen
1369 2445 1513 2531 ejusdem

301 2564 435 2642 sophron
468 2550 551 2639 legis
572 2551 742 2616 sinceritas
775 2548 899 2636 aliqrud
930 2552 1099 2635 peccatum
1130 2551 1191 2613 aut
1221 2548 1432 2614 inhonestum
1454 2570 1515 2635 pro

301 2633 392 2697 hung.
468 2676 503 2719 se
547 2654 734 2740 perpetrari,
772 2673 832 2717 nec
876 2650 944 2716 ullo
989 2650 1086 2715 modo
1131 2654 1200 2715 stat
1236 2672 1356 2716 nomen
1393 2656 1427 2717 et
1463 2674 1513 2717 res

467 2756 630 2835 amicitiae,
664 2755 724 2821 ubi
757 2754 832 2841 quis
864 2754 992 2819 intuitu
1024 2753 1117 2840 quasi
1155 2754 1307 2819 amicitias
1344 2756 1514 2841 praesumit

468 2860 596 2945 aliquid
632 2859 799 2924 inhonesti
835 2858 1045 2923 committere.
1104 2854 1248 2943 Ideoque
1292 2857 1439 2922 certum¹
1480 2864 1514 2923 et

468 2961 574 3027 fixum
615 2961 713 3026 debet
750 2982 818 3025 esse
856 2961 945 3025 inter
981 2981 1048 3037 nos,
1088 2965 1242 3031 neutrum
1286 2962 1391 3026 nostri
1436 2961 1514 3046 quie

380 3129 383 3139 ,
467 3064 621 3129 amicitiae
643 3062 763 3128 foeders
786 3084 827 3127 ex
850 3062 948 3149 longo
970 3067 1116 3148 tempore
1139 3084 1251 3127 sumus
1273 3062 1407 3140 astricti,
1429 3062 1513 3127 velle

466 3164 630 3250 reliquum
652 3186 712 3250 pro
734 3186 768 3229 se
790 3164 995 3229 committere
1017 3164 1071 3228 vel
1100 3164 1273 3227 minimum
1295 3162 1511 3229 inhonestum

468 3265 542 3330 Hoc
563 3267 667 3352 igitur
689 3266 730 3331 de
745 3271 865 3333 vestrae
889 3264 1071 3333 dilectionis
1093 3265 1280 3332 sinceritate
1302 3288 1512 3354 praesumens,

467 3392 559 3456 spero
592 3369 679 3455 quod
713 3370 838 3435 nullam
870 3392 948 3458 erga
978 3392 1030 3435 me
1062 3371 1222 3457 concipiet
1252 3371 1512 3458 indignationem

466 3478 586 3539 vestrae
623 3474 809 3539 dilectionis
853 3474 1022 3539 sinceritas
1065 3495 1103 3540 eo
1149 3474 1236 3560 quod
1280 3474 1321 3540 N.
1359 3476 1511 3541 clericum

467 3584 643 3665 cognatum
676 3583 823 3643 vestrum
854 3578 897 3641 ed
922 3579 1087 3643 ecclesiam
1122 3578 1162 3643 do
1188 3578 1250 3645 B.²
1275 3601 1345 3645 non
1372 3580 1511 3661 admisi;

467 3705 540 3747 cum
573 3682 644 3768 ejus
678 3682 832 3747 admissio
864 3680 993 3746 macula
1023 3682 1147 3768 peccati
1178 3704 1283 3747 carere
1309 3704 1377 3747 non
1399 3686 1510 3769 possit,

465 3784 731 3871 praecipientibus
753 3784 917 3849 canonicis
938 3783 1170 3865 sanctionibus,
1194 3786 1283 3870 quod
1304 3806 1372 3851 non
1393 3786 1513 3851 admit

465 3894 582 3955 tantur
619 3889 664 3954 ud
707 3911 818 3954 curam
862 3889 1059 3976 pastoralem
1097 3887 1329 3955 insufficienter
1365 3890 1511 3973 litemti3

466 3994 600 4081 ipsoque
622 3994 780 4081 praedicto
802 3994 843 4059 N.
867 3995 1028 4060 existente
1051 3992 1285 4059 insufficienter
1307 3994 1445 4076 literato,
1468 4019 1511 4061 ne

466 4097 571 4161 dicam
595 4096 662 4161 fere
676 4097 809 4161 omnino
824 4097 987 4161 illiterato.
1034 4094 1079 4161 Et
1101 4117 1143 4161 ne
1165 4096 1311 4181 ejusdem
1326 4098 1512 4183 ignorantia

466 4205 585 4265 vestrm
630 4198 817 4283 discretioni
869 4199 914 4263 sit
966 4199 1100 4278 occulta,
1154 4200 1377 4285 responsiones
1429 4223 1509 4287 quas

466 4301 636 4387 respondit
672 4302 890 4381 examinatus,
928 4302 1026 4367 mitto
1063 4298 1157 4366 vobis
1202 4300 1352 4383 inclusas,
1391 4326 1509 4391 rogans

467 4406 636 4472 humiliter
667 4411 701 4470 et
732 4405 852 4470 obnixe
889 4410 961 4472 tota
994 4407 1115 4473 mentis
1148 4405 1327 4488 affectione,
1352 4412 1508 4494 quatinus

467 4512 585 4574 vestrae
601 4508 784 4573 dilectionis
799 4508 968 4574 sinceritas
991 4530 1067 4598 erga
1089 4531 1141 4575 me
1155 4514 1298 4576 vestram
1313 4510 1355 4577 ob
1378 4534 1505 4579 causam

499 4818 507 4849 ¹
523 4816 626 4883 colun]
643 4824 732 4879 ratum,
743 4816 795 4870 su.
978 4818 984 4889 Ι
1039 4820 1050 4851 ²
1065 4820 1114 4887 B.]
1133 4836 1181 4872 om.
1194 4820 1296 4885 0000,
1308 4824 1357 4875 Ox.
