3500 5784
478 825 542 890 192
803 841 950 891 nonnam
974 841 1202 892 onossnrssrn

474 1015 589 1082 debita
609 1015 797 1096 referenda3
820 1022 855 1083 et
876 1018 956 1104 quia
977 1023 1164 1083 sanctornm
1187 1017 1283 1083 locali
1298 1037 1373 1084 cum
1396 1039 1524 1084 summa

474 1118 648 1184 devotione
679 1122 714 1184 et
744 1118 862 1184 timore
894 1120 1078 1206 mentisque
1109 1121 1255 1207 puritate
1277 1125 1357 1186 sunt
1379 1125 1523 1186 contrec-

474 1221 578 1298 tandi,
600 1220 800 1288 consulimus
833 1221 868 1286 in
902 1221 1054 1302 Domino,
1086 1229 1126 1288 ut
1157 1223 1421 1288 antedictorum
1455 1246 1523 1288 eor·

473 1344 591 1410 porum
618 1325 878 1402 commotionem,
908 1323 1053 1410 jejuniis,
1086 1325 1219 1412 vigiliis,
1242 1326 1455 1406 orationibus,
1489 1333 1523 1391 et

472 1426 753 1513 eleemosynarum
788 1427 1021 1515 largitionibus
1057 1429 1272 1516 vosmetipsos
1303 1429 1522 1515 purificantes,

472 1530 649 1596 eorundem
671 1533 859 1596 sanctorum
881 1530 1058 1616 Mpatrare
1078 1531 1238 1618 satagatis
1260 1530 1520 1598 consolationem.

940 1823 1061 1892 LXIV.

342 1985 412 2038 raas.
473 1969 702 2039 anacastra
730 1971 837 2040 Patri
867 1981 898 2041 ct
936 1973 1088 2042 Domino
1112 1971 1281 2059 Gregorio,
1312 1973 1379 2040 Dei
1406 1971 1520 2058 pratia

561 2095 696 2140 eumaeo
726 2075 903 2162 Pontifici,
941 2076 1117 2152 Robcrtua,
1140 2075 1360 2142 miseratione
1396 2073 1519 2140 divion

561 2176 818 2244 Lirwolnicasa'a
848 2179 989 2246 eccbsioe
1020 2177 1181 2248 oaiaister
1211 2177 1365 2257 laumilr's,
1393 2175 1519 2263 pedm

561 2279 676 2344 osculo
698 2279 879 2346 beatorum.

302 2423 460 2543 amputa
516 2411 595 2478 Non
610 2413 715 2479 solum
737 2413 919 2496 abundans,
942 2415 999 2482 sed
1021 2419 1056 2482 et
1070 2413 1340 2502 superabundans
1362 2412 1518 2500 multipli-

303 2558 411 2609 clerks.
423 2562 455 2610 oe
471 2513 558 2580 cium
603 2515 893 2582 beneficentiarum
937 2517 1053 2603 gratia,
1090 2539 1189 2604 quam
1232 2539 1316 2582 meae
1360 2514 1519 2602 parvitati
1617 2535 1620 2544 ·

305 2625 431 2677 amento
471 2618 576 2702 gratis
598 2616 752 2684 exhibuit
783 2619 972 2686 sanctitatis
1005 2625 1124 2686 vestrae
1157 2619 1347 2706 benignitas
1368 2618 1517 2705 gratiosa
1554 2693 1558 2700 Ι

303 2705 369 2823 ἓζζ
379 2692 445 2810 ῗῖ
472 2719 508 2783 id
538 2742 679 2808 parvum
713 2722 801 2808 quod
833 2744 909 2789 sum
941 2727 1050 2788 totum
1084 2721 1173 2808 rapit
1194 2723 1232 2786 in
1253 2721 1436 2807 gratiarum
1468 2742 1518 2786 ac-

303 2827 442 2940 bbupffln
471 2821 597 2887 tionem
627 2829 841 2911 perpetuam
870 2831 906 2890 et
939 2825 1018 2912 qnia
1047 2824 1165 2912 gratiae
1196 2824 1367 2912 proprium
1397 2828 1448 2888 est
1480 2827 1518 2888 ut

351 2893 451 2946 ’Μ
470 2945 568 3010 quem
589 2925 694 3012 gratis
714 2927 886 3013 praevenit,
909 2928 1049 2993 eundem
1075 2927 1254 3014 supplicem
1284 2925 1385 2990 etiam
1407 2926 1519 3014 ampli-

470 3026 581 3092 oribus
611 3027 830 3114 subsequatur
861 3028 1037 3110 beneficiis,
1069 3051 1160 3118 spem
1192 3027 1414 3093 firmissimam
1443 3049 1518 3114 gero

302 3135 424 3194 Caucis.
470 3129 559 3214 quod
580 3136 699 3196 vestrae
721 3130 910 3196 sanctitatis
941 3131 1078 3198 affluens
1110 3131 1220 3220 gratia
1242 3135 1276 3197 et
1297 3130 1405 3195 instar
1421 3129 1519 3216 putei

304 3208 343 3253 ¹⁵·
469 3252 642 3318 aquarum
671 3231 867 3298 viventium
896 3255 970 3320 qaae
983 3233 1108 3320 fluunt
1134 3231 1290 3320 impeto¹
1315 3231 1355 3297 dc
1376 3231 1518 3313 libano,

470 3353 597 3420 semper
618 3334 722 3420 magis
753 3357 791 3400 ac
825 3335 931 3422 magis
953 3335 1149 3414 exuberans,
1171 3355 1224 3400 me
1246 3334 1426 3421 supplicem
1448 3355 1519 3400 vas·

469 3441 569 3516 trum,
602 3457 701 3522 quem
732 3436 907 3502 uberrimis
940 3437 1064 3503 infirdit
1097 3437 1211 3517 initiis,
1234 3457 1337 3523 usque
1361 3435 1399 3500 in
1421 3435 1518 3502 finem

469 3537 693 3624 subsequetur,
716 3544 930 3625 augmentata
956 3539 1180 3628 superfusione
1212 3537 1437 3604 beneficentiae
1467 3559 1519 3604 co·

468 3640 627 3727 piosioria
671 3640 726 3706 Ex
747 3639 846 3726 hujus
877 3641 990 3728 itaque
1024 3641 1094 3728 spei
1127 3639 1334 3720 confidentia,
1357 3639 1401 3704 ad
1422 3639 1518 3728 pedes

469 3749 589 3810 vestrae
611 3743 799 3810 sanctitatis
821 3743 982 3810 dilectum
1013 3744 1050 3810 in
1081 3743 1213 3810 Christo
1236 3741 1388 3809 clericum
1410 3763 1518 3808 meum

469 3845 501 3910 S.
539 3847 677 3913 latorem
720 3846 940 3933 presentium,
975 3851 1217 3934 procuratorem
1253 3866 1374 3927 meum,
1411 3845 1517 3924 mitto,

468 3953 596 4034 quanta
617 3949 792 4015 devotione
814 3949 909 4014 valeo
942 3947 1124 4014 humillime
1158 3947 1352 4036 supplicans,
1374 3951 1415 4013 ut
1446 3969 1518 4034 quae

469 4054 588 4116 vestire
620 4052 793 4118 sanctitati
825 4074 869 4118 ex
901 4055 995 4139 parte
1028 4051 1206 4140 parvitatis
1236 4072 1318 4117 meae
1348 4056 1517 4138 proponet,

468 4153 581 4218 audire
612 4154 794 4241 dignamini
826 4155 925 4220 solita
955 4154 1170 4242 benignitate,
1194 4175 1268 4240 quae
1289 4152 1327 4218 in
1347 4151 1400 4217 his
1426 4152 1519 4238 justa

468 4255 593 4323 flierint
629 4263 664 4323 et
696 4258 836 4324 honesta
872 4257 910 4322 in
946 4256 1102 4324 honorem
1135 4256 1200 4322 Dei
1236 4277 1294 4322 sau
1330 4254 1517 4321 libertatem

467 4359 718 4426 ecclesiasticam
740 4382 796 4426 seu
828 4359 1015 4425 animarum
1048 4359 1186 4425 salutem
1220 4355 1400 4438 tendentia,
1423 4357 1518 4423 solito

467 4459 684 4548 benignitatis
705 4461 816 4529 favore
838 4467 1091 4549 prosequentes:
1115 4461 1211 4546 siqua
1230 4481 1310 4526 varo
1332 4481 1391 4546 per
1412 4481 1517 4526 meam

466 4563 520 4629 vel
535 4564 618 4630 dicti
638 4564 857 4652 procuratoris
880 4565 945 4630 mei
966 4563 1201 4652 negligentiam
1223 4561 1275 4628 his
1296 4561 1423 4628 bissini
1445 4585 1518 4650 pro-

805 4747 813 4778 ¹
830 4747 933 4814 inpetu]
952 4747 979 4798 in
990 4753 1074 4813 puteo,
1085 4745 1175 4800 OOC.
