3500 5784
503 875 568 942 298
829 889 977 942 norsum
999 891 1226 944 naomrrmm

504 1064 612 1132 verbis
644 1066 804 1134 veroeiter
834 1072 1000 1154 sequatur,
1022 1089 1084 1134 vos
1110 1088 1257 1135 veraoem
1286 1067 1429 1134 amioum
1456 1087 1553 1132 vera·

502 1187 635 1254 oomque
649 1165 784 1236 fratrem
806 1169 889 1236 mihi
911 1192 979 1236 non
993 1191 1069 1238 esse.
1114 1172 1216 1238 Absit
1236 1176 1349 1236 autem
1369 1176 1411 1237 ut
1432 1174 1552 1236 tentus

502 1270 666 1358 praelatus,
682 1271 741 1359 qui
762 1271 862 1338 toties
884 1274 1002 1353 verbis
1022 1274 1161 1362 seriptis,
1177 1279 1213 1341 et
1232 1274 1330 1340 fretis
1350 1294 1385 1340 se
1407 1275 1551 1338 amioum

503 1373 715 1454 monstravit,
738 1379 808 1440 tam
831 1374 950 1442 leviter
972 1397 1040 1442 non
1065 1378 1171 1443 solum
1195 1397 1266 1443 rem
1287 1377 1346 1443 sed
1371 1381 1406 1442 et
1426 1397 1550 1442 nomen

502 1475 638 1542 amittet
672 1476 891 1544 fraternitatis
923 1484 959 1544 et
990 1479 1153 1546 amicitiis.
1204 1479 1272 1546 Sed
1304 1480 1391 1546 forte
1423 1477 1548 1553 dioetis

495 1627 496 1630 ,
498 1577 664 1663 jacturam
697 1581 929 1666 temporalium
962 1603 1022 1647 vos
1057 1583 1196 1648 timere:
1235 1582 1310 1668 quis
1346 1580 1485 1668 sapiens,
1519 1579 1548 1644 si

503 1687 654 1769 oporteat
684 1681 725 1748 de
759 1683 887 1750 duobus
918 1684 1015 1750 bonis
1047 1685 1153 1770 majus
1186 1685 1240 1750 vel
1276 1686 1387 1750 minus
1422 1685 1546 1750 bonnm

503 1785 664 1864 omittere,
680 1807 749 1850 non
771 1786 868 1852 eitius
890 1787 985 1874 eligit
1006 1787 1143 1854 minoris
1164 1789 1243 1854 boni
1261 1788 1426 1873 jacturam
1447 1807 1545 1872 quam

503 1887 653 1973 mojorisl
698 1888 819 1954 Omnis
840 1894 954 1956 autem
977 1891 1063 1956 bona
1082 1891 1276 1978 temporalia
1297 1889 1446 1978 parvulae
1466 1891 1546 1954 arni-

505 1989 591 2056 oitiae
622 1991 793 2077 partioulae
831 1993 1013 2080 oomporari
1049 2015 1117 2058 non
1153 1998 1312 2080 possunt:
1344 1993 1460 2058 melior
1495 1996 1544 2058 est

504 2093 592 2158 enim
623 2115 691 2159 non
722 2095 826 2161 solum
849 2095 1020 2183 sapientie,
1052 2096 1111 2162 sed
1139 2097 1293 2174 amicitia,
1324 2095 1451 2161 cunctis
1475 2117 1543 2182 pre

504 2193 688 2262 tiosissimis
720 2197 845 2284 opibus,
870 2202 905 2266 et
935 2219 1031 2265 omne
1062 2199 1275 2266 desiderabile
1303 2219 1372 2264 non
1401 2199 1541 2265 valetei

500 2299 685 2384 comparari
730 2297 801 2368 Neo
833 2307 884 2368 est
915 2302 1049 2368 omnino
1080 2301 1175 2368 nobis
1208 2301 1244 2368 in
1274 2299 1336 2368 hae
1368 2307 1462 2388 parte
1493 2300 1541 2370 uel

500 2401 637 2468 minima
673 2403 903 2492 temporalium
939 2405 1088 2470 timenda
1125 2405 1265 2491 jactura,
1302 2425 1378 2472 cum
1413 2409 1541 2491 paratus

500 2505 570 2584 sim,
595 2511 630 2571 et
652 2507 741 2571 omni
763 2505 859 2572 modo
882 2506 967 2586 volo,
982 2507 1078 2574 vobis
1100 2506 1231 2595 plenam
1252 2511 1408 2593 presure
1429 2508 1542 2572 securi-

502 2613 606 2672 tatem
638 2608 678 2674 de
703 2610 923 2675 oonservondo
945 2630 1005 2674 vos
1027 2615 1062 2677 et
1084 2609 1278 2696 Magistrum
1306 2608 1485 2676 Rioardum
1505 2609 1542 2674 de

501 2707 693 2796 Kyrkehom
723 2711 900 2778 indemnes
947 2709 1087 2778 &edere
1119 2733 1188 2778 non
1218 2732 1359 2798 possum,
1382 2711 1468 2777 sicut
1488 2733 1543 2776 neo

499 2811 610 2892 debeo,
643 2811 730 2900 quod
760 2812 797 2878 in
828 2811 889 2879 hoo
919 2814 1122 2880 necessitatis
1154 2783 1290 2880 articulo
1324 2813 1407 2878 mihi
1439 2819 1542 2880 vestro

505 2914 613 2980 deesse
645 2913 828 2996 volueritis3
862 2915 919 2981 sed
951 2913 1038 2981 forte
1069 2915 1207 3004 probare
1237 2937 1290 2982 ms
1322 2916 1473 2983 voluistis
1502 2939 1542 2981 an

501 3017 596 3082 flotus
634 3037 736 3082 essem
773 3037 877 3084 oousae
914 3037 996 3084 meae
1033 3024 1229 3105 prosecutor.
1289 3018 1327 3085 Si
1363 3020 1453 3083 enirn
1488 3040 1542 3084 vos

500 3117 699 3184 dimitterem
715 3125 892 3206 antequem
906 3119 989 3184 mihi
1002 3119 1236 3186 benediceretis
1257 3121 1294 3185 in
1311 3119 1460 3206 jubendo
1481 3144 1543 3187 ma-

500 3221 603 3307 gistro
619 3219 781 3305 Rieordol
805 3225 844 3287 ut
859 3243 950 3287 suum
968 3224 1176 3310 praesentiam
1199 3223 1243 3287 ad
1265 3223 1354 3288 diem
1368 3245 1478 3288 meum
1492 3247 1542 3289 ex-

499 3321 634 3403 hiberet,
649 3323 819 3390 evidenter
833 3325 1050 3410 agnosceretis
1072 3346 1124 3389 me
1145 3325 1222 3390 fiete
1243 3331 1278 3390 et
1298 3347 1367 3390 non
1388 3349 1432 3391 ex
1454 3327 1543 3392 eorde

336 3449 340 3460 ·
382 3449 386 3460 ¹
501 3425 667 3514 hueusque
689 3425 798 3514 egisse.
845 3427 943 3492 Nune
974 3448 1052 3514 ergo
1085 3449 1160 3492 oum
1191 3449 1264 3492 meo
1285 3428 1476 3516 importuna
1496 3430 1542 3494 in·

457 3513 462 3526 ¹
500 3532 622 3596 stantia
648 3529 809 3596 sufficiens
841 3527 959 3595 debeat
980 3529 1074 3594 vobis
1105 3535 1335 3618 armrmentum
1367 3531 1541 3618 essequod

499 3655 541 3698 ex
562 3637 635 3700 toto
665 3632 760 3698 eorde
783 3631 905 3698 dictem
935 3653 1113 3719 prosequor
1133 3654 1272 3712 oausam,
1296 3631 1417 3719 jubeat
1439 3640 1542 3700 vestra

502 3735 621 3803 caritas
644 3735 732 3800 dioto
754 3733 911 3822 magistro
933 3739 973 3798 ut
995 3733 1038 3798 ad
1060 3734 1148 3800 diem
1162 3757 1271 3800 meum
1286 3736 1427 3802 aooedat.
1465 3735 1541 3825 Sap-

492 3839 655 3927 'portastis
669 3859 722 3902 me
745 3859 803 3925 per
826 3837 952 3902 dietum
973 3835 1169 3926 Magistrum
1193 3835 1370 3902 Ricardum
1392 3838 1431 3902 in
1452 3861 1541 3905 eoum

500 3965 573 4007 meo
593 3941 775 4027 hueusque3
807 3937 835 4006 ei
866 3939 970 4026 igitur
991 3962 1081 4005 nuno
1111 3961 1165 4004 me
1195 3941 1232 4005 in
1264 3940 1331 4005 fine
1360 3939 1540 4019 dimittatis

492 4045 582 4133 quid
604 4043 695 4110 aliud
717 4041 824 4110 feoitis
846 4065 945 4129 quam
967 4064 1019 4107 me
1041 4063 1100 4131 per
1114 4063 1172 4108 vos
1186 4043 1280 4108 velut
1296 4041 1367 4130 jam
1389 4045 1428 4108 in
1449 4051 1541 4131 portu

502 4148 706 4226 existentem,
729 4147 766 4212 in
796 4167 885 4212 more
907 4145 1047 4211 reicitis?
1091 4143 1198 4211 Causa
1220 4145 1309 4211 enim
1331 4151 1381 4211 est
1404 4147 1540 4234 periculi,

500 4251 676 4318 secundum
699 4249 915 4338 philosophos,
939 4249 1006 4336 qui,
1029 4269 1103 4314 oum
1136 4253 1251 4335 potest,
1274 4270 1340 4314 non
1373 4255 1426 4315 est
1454 4272 1543 4316 eausa

501 4355 625 4420 solutis.
669 4353 832 4420 Praetereo
862 4351 1022 4439 seriptum
1053 4355 1111 4429 est,
1135 4351 1223 4437 quod
1259 4350 1296 4416 in
1332 4351 1387 4418 die
1423 4352 1543 4419 Jndioii

336 4455 394 4522 8²1>-
405 4469 431 4508 v·
445 4461 467 4510 1.
503 4455 640 4524 uanos
664 4453 753 4544 prusti
785 4453 828 4520 io
860 4475 990 4541 mopso
1012 4453 1205 4521 eminulis
1228 4453 1391 4521 advene
1412 4477 1465 4522 eoo
1485 4455 1544 4545 qui

502 4579 535 4626 oe
558 4556 840 4646 mtpustiooeuuut
874 4563 903 4624 et
936 4557 1000 4646 qui
1033 4555 1245 4625 abstulerunt
1275 4556 1401 4625 latores
1423 4579 1543 4626 eorum

870 4797 877 4828 ¹
896 4793 1021 4862 reare]
1041 4795 1081 4859 n,
1093 4793 1168 4848 uss.
