3500 5784
684 894 861 945 EPISTOLAE.
1143 968 1147 979 ¹
1250 880 1293 942 83

246 1061 413 1149 legitimus
449 1065 700 1133 matrimonialis
743 1069 814 1133 sine
852 1070 1056 1132 momumento
1093 1064 1295 1131 matrimonii

247 1166 402 1251 prosena·
424 1167 479 1233 vel
506 1169 717 1255 oonsequenti
739 1170 850 1256 potuit
871 1168 1055 1255 legitimare
1084 1168 1128 1232 ed
1157 1166 1295 1233 haeredi·

246 1272 361 1347 tatem,
390 1274 517 1355 quanto
539 1271 644 1359 magis
672 1271 780 1359 ipsum
810 1276 1051 1337 sacramentum
1082 1268 1293 1348 matrimonii,

246 1369 325 1436 lioet
352 1390 422 1437 nou
455 1374 500 1438 sit
527 1394 669 1461 praesens
702 1396 776 1440 eum
805 1374 913 1461 proles
934 1377 1117 1460 generatur,
1140 1372 1198 1439 sed
1219 1393 1294 1438 oon-

246 1493 391 1560 sequens,
414 1480 524 1562 potest
544 1477 727 1564 legitimare
749 1477 793 1543 ad
814 1477 1064 1543 haenmatemr

292 1576 380 1643 Item
417 1577 446 1643 ai
482 1580 605 1645 bonum
636 1580 839 1646 matrimonii
871 1576 982 1667 potuit
1013 1578 1117 1644 faeere
1150 1577 1293 1665 aliquem

246 1676 412 1744 hominem
455 1681 640 1768 legitimum
683 1680 789 1747 filium
833 1688 869 1747 et
912 1681 1096 1768 legitimum
1132 1679 1296 1746 haeredem

247 1780 349 1867 ipsius
363 1781 421 1867 qui
434 1801 512 1848 eum
534 1805 601 1849 non
615 1785 752 1872 genuit3
774 1784 880 1849 multo
894 1782 1013 1849 fortius
1034 1782 1158 1849 bonum
1180 1782 1295 1847 matri-

248 1883 358 1961 monii,
381 1883 459 1950 lioet
480 1886 717 1973 subsequentis,
740 1890 850 1973 potest
871 1886 977 1952 faeere
1000 1886 1041 1950 de
1063 1884 1132 1950 filio
1152 1883 1295 1949 naturali

246 1983 351 2049 filiurn
373 1984 560 2073 legitimum
581 1994 617 2055 et
637 1988 825 2076 legitimum
846 1986 1012 2055 haeredem
1027 1986 1130 2073 ipsius
1146 1987 1204 2071 qui
1218 2006 1293 2051 eum

246 2087 381 2172 genuit3
403 2088 476 2175 plus
497 2090 587 2155 enim
602 2091 737 2156 videtur
750 2112 845 2178 00000
858 2090 984 2155 bonum
998 2088 1203 2154 matrimonii
1217 2086 1295 2153 sub·

246 2190 412 2275 sequentis
432 2190 470 2255 in
484 2192 720 2281 antegenitum,
736 2214 836 2279 quam
850 2192 975 2258 bonum
996 2190 1197 2257 matrimonii
1211 2210 1294 2277 prae-

247 2292 349 2356 sentis
378 2292 414 2355 in
441 2313 520 2358 eum
541 2314 639 2381 quom
667 2296 721 2360 vir
749 2316 817 2361 non
838 2294 956 2381 genuit
977 2314 1038 2359 000
1059 2290 1292 2380 generaturus¹

247 2391 318 2457 furit
367 2392 435 2459 Sed
471 2394 635 2461 Dominus
678 2402 791 2463 noster
828 2396 927 2462 Jesus
964 2394 1116 2462 Christus
1160 2400 1295 2481 propter

247 2494 369 2560 bonum
401 2497 605 2563 matrimonii
635 2498 723 2565 inter
755 2499 930 2586 gloriosam
952 2496 1124 2584 Virginem
1154 2502 1295 2562 matrem

247 2595 317 2681 eJ'us
338 2602 374 2662 et
394 2598 505 2664 virum
537 2599 654 2665 matris
687 2600 757 2686 ejus
778 2600 910 2717 loseph,
943 2598 1008 2664 fuit
1039 2599 1127 2663 filius
1149 2597 1294 2684 Joseph3

247 2718 315 2761 non
346 2698 434 2763 enim
464 2700 665 2767 mendnoiter
697 2623 826 2767 ‹iixit'
817 2722 889 2788 ipsa
918 2702 1016 2767 beata
1045 2700 1169 2787 Virgo:
1209 2698 1293 2779 Fila,
1309 2709 1411 2760 0100.

247 2799 335 2884 00ὰί
370 2799 486 2887 fasta·
529 2801 627 2869 nobis
670 2802 748 2870 oio?
733 2804 870 2870 tEooe
911 2812 1009 2889 puter
1054 2807 1202 2867 tanet
1238 2782 1347 2886 0004·

248 2898 392 2967 dolentes
435 2902 664 2988 qooembooum
708 2910 744 2970 te.
789 2904 827 2971 Si
873 2925 941 2970 non
989 2903 1190 2969 mendaeiter
1238 2903 1295 2968 sed

248 3004 407 3068 veraciter
436 3010 533 3071 vooat
569 3005 667 3071 beata
695 3006 799 3092 Virgo
836 3006 961 3093 loseph
999 3014 1127 3093 patrem
1159 3004 1296 3071 Domini

248 3104 375 3170 nostri²
395 3105 488 3186 lesu,
518 3128 579 3173 000
608 3108 679 3195 ipse
702 3108 864 3173 Dominus
886 3108 984 3174 Jesus
1014 3108 1216 3174 mendaciter
1238 3109 1296 3173 sed

248 3208 408 3273 vemeiter
450 3208 516 3273 fuit
559 3208 649 3275 filius
692 3210 762 3295 ejus
774 3235 794 3290 ;.
827 3232 895 3276 non
931 3208 1020 3296 quod
1064 3210 1134 3297 ipse
1170 3210 1294 3297 Josoph

247 3309 421 3375 earnaliter
442 3332 518 3376 eum
540 3312 664 3398 genuit,
687 3312 776 3397 quod
805 3312 894 3378 abut
916 3334 937 3376 0
958 3310 1125 3377 mentibus
1146 3310 1292 3378 fidelium

247 3412 411 3498 suspioari,
455 3413 513 3478 sed
557 3413 635 3499 quia
678 3412 764 3479 ratio
801 3414 1015 3502 paternitatis
1058 3420 1093 3481 et
1137 3414 1293 3501 legitimae

246 3512 415 3578 filiationis
446 3514 483 3578 in
516 3515 564 3581 oia
594 3514 661 3580 fuit
690 3522 829 3581 servata
876 3516 960 3582 Haee
996 3520 1048 3581 est
1083 3516 1173 3581 enim
1206 3517 1293 3581 ratio

246 3614 351 3701 patris
371 3615 514 3703 legitimi
541 3618 586 3682 ad
614 3616 721 3683 filium
742 3640 839 3684 suum
860 3617 1056 3705 legitimum,
1080 3622 1120 3683 ut
1141 3618 1295 3684 videlieet

248 3738 332 3783 uxor
362 3738 423 3783 000
455 3718 607 3806 legitima
627 3720 756 3806 peperit
787 3720 819 3785 ei
853 3721 978 3807 prolem
1011 3740 1076 3786 non
1112 3721 1153 3785 de
1187 3720 1294 3786 alieno

248 3820 445 3901 oonoubitu3
469 3826 505 3887 et
525 3823 611 3888 ratio
633 3822 694 3887 filii
716 3822 859 3908 legitimi
881 3824 925 3889 ad
947 3844 991 3909 00
991 3826 1076 3889 trem
1099 3822 1293 3909 legitimum,

248 3929 288 3989 ut
308 3928 408 3990 natus
439 3923 485 3990 sit
517 3924 560 3991 de
590 3946 694 3991 uxore
715 3924 810 4011 ejus⁸
833 3926 983 4013 legitima
1014 3947 1081 3992 non
1115 3927 1155 3992 de
1187 3927 1295 3992 alieno

247 4026 431 4092 concubitu
475 4026 575 4093 Unde
604 4027 843 4115 Augustinus
833 4048 869 4092 m
891 4028 977 4094 libro
1009 4028 1050 4093 de
1084 4028 1177 4095 Bono
1209 4028 1295 4095 000·
1307 4042 1404 4160 sang
1422 4042 1464 4095 De

242 4129 356 4266 J'ugoli
377 4130 445 4195 ait:
480 4128 641 4217 “Conjux
674 4129 780 4195 Maria
801 4134 938 4196 voeatur
966 4152 987 4196 0
1016 4130 1123 4217 prima
1155 4110 1445 4241 (100000-0οΡ444ἓξ

246 4232 423 4297 “sationis
455 4232 528 4311 fide,
568 4254 667 4319 quam
700 4232 877 4298 concubitu
914 4253 982 4298 non
1014 4239 1198 4351 agnoverat
1234 4256 1352 4301 neecen
1307 4244 1397 4294 senua

248 4333 396 4400 “fuerat
417 4335 630 4421 cogniturus3
660 4356 721 4401 000
742 4335 886 4401 mendax
916 4334 982 4400 fuit
1012 4336 1162 4423 conjugis
1185 4337 1294 4425 appel·
1306 4311 1464 4442 iiiiii?

284 4624 476 4692 mamam]
502 4624 640 4691 000000
673 4622 725 4677 siu
829 4623 945 4691 ²12an
964 4623 1086 4687 0000,
1099 4624 1148 4677 ox.

250 4704 349 4757 cm
829 4702 922 4768 ³an
941 4718 991 4755 om.
1001 4702 1053 4755 sn

1095 4787 1159 4849 02
