3500 5784
696 864 874 915 nrrsromc.
1247 844 1313 915 :³77

263 1044 353 1107 enim
383 1060 450 1106 non
480 1037 615 1103 videtur
651 1036 773 1103 hebere
810 1058 922 1103 curam
955 1038 1141 1104 animarum
1173 1036 1314 1102 ecclesiae

263 1142 437 1231 dignitatis
474 1141 528 1206 vel
564 1138 773 1227 praebendae;
806 1140 886 1227 quie
922 1141 951 1207 si
987 1139 1089 1207 habet
1124 1138 1314 1225 hujusmodi

264 1267 385 1326 curam,
413 1248 559 1311 tenetur
595 1241 644 1307 ibi
686 1240 729 1307 ad
767 1242 989 1321 residentiam,
1030 1248 1066 1308 et
1098 1241 1314 1307 nihilominus

264 1354 397 1415 tenetur
452 1345 495 1411 ed
549 1343 782 1410 residentism¹
838 1345 874 1410 in
931 1344 1111 1412 cathedrali
1156 1343 1312 1410 ecclesie²

265 1474 340 1539 quae
383 1454 463 1516 sunt
506 1446 790 1533 incompassibilis.
858 1446 946 1536 Ergo
983 1448 1012 1512 si
1049 1450 1180 1513 constat
1226 1444 1316 1532 quod

266 1558 400 1620 tenetur
433 1551 470 1617 in
507 1549 641 1615 ecclesie
685 1548 867 1615 cathedrali
911 1549 1060 1627 residere,
1102 1548 1315 1614 menifestum

266 1662 317 1723 est
357 1676 435 1721 eum
472 1673 583 1719 curem
620 1650 806 1717 animarum
843 1650 925 1716 alibi
962 1651 1083 1718 habere
1119 1672 1187 1717 non
1224 1672 1316 1737 posse
1385 1644 1388 1654 '

266 1758 389 1844 absque
412 1754 655 1843 dispensatione
678 1754 763 1820 sedis
797 1754 991 1841 apostolicoe.
1037 1754 1164 1819 Eadem
1188 1753 1318 1819 ratione

203 1880 213 1894 ·
266 1881 372 1946 neque
394 1858 536 1925 decenus
559 1878 666 1942 neque
695 1855 876 1943 capitulum
906 1878 1018 1922 curem
1039 1856 1142 1922 habet
1174 1855 1318 1941 aliquem

267 1963 453 2029 animarum
486 1958 712 2025 immediatam
745 1964 839 2023 extre
876 1958 1045 2025 ecclesiam
1089 1958 1316 2035 cathedralem,

267 2064 325 2131 sed
358 2084 463 2150 neque
497 2061 685 2127 mediatem.
731 2058 769 2125 Si
802 2060 891 2126 enim
924 2061 1171 2128 archidiaconus
1193 2060 1318 2126 habens

267 2188 380 2234 curem
410 2164 594 2230 animarum
632 2162 914 2229 archidiaconatus
951 2165 1140 2239 mediatam,
1186 2186 1226 2229 eo
1247 2163 1319 2250 ipso

268 2268 357 2356 quod
387 2266 577 2352 hujusmodi
615 2287 726 2331 curem
749 2264 857 2344 habet,
890 2266 968 2333 licet
998 2268 1043 2333 sit
1064 2288 1143 2335 cura
1163 2264 1319 2343 mediata

267 2392 335 2437 non.
373 2374 483 2458 potest
526 2367 649 2434 hebere
697 2366 797 2433 aliam
843 2390 955 2434 curam
996 2369 1183 2437 animarum
1221 2367 1321 2433 simul

267 2494 342 2539 cum
364 2472 422 2537 ilie
434 2498 442 2553 ;
473 2492 532 2537 nec
564 2470 706 2537 decanus
738 2470 852 2536 eadem
879 2472 1009 2538 ratione
1030 2473 1154 2559 poterit
1175 2470 1321 2557 aliquam

267 2596 379 2641 curem
415 2575 601 2639 animarum
633 2594 732 2659 quam
763 2572 867 2660 ipsius
895 2573 1033 2661 capituli
1054 2572 1183 2641 hebere
1254 2572 1321 2639 Sed

268 2678 338 2743 sive
375 2677 517 2743 decenus
548 2674 670 2740 habeat
704 2696 815 2741 cruam
845 2674 990 2761 aliquam
1014 2676 1051 2741 in
1073 2674 1249 2763 prebendis
1285 2680 1321 2741 et

269 2776 488 2865 dignitatibus
510 2781 545 2843 et
568 2798 749 2857 commune,
772 2776 843 2843 sive
865 2798 943 2858 non,
958 2778 1029 2864 ejus
1044 2800 1113 2842 non
1135 2782 1186 2843 est
1207 2798 1320 2842 earum

269 2881 427 2947 visitatio.
488 2878 659 2960 Quomodo
690 2879 778 2943 enim
812 2880 875 2944 erit
907 2879 1053 2946 locorum
1082 2885 1118 2946 et
1149 2879 1319 2944 hominum

269 2984 367 3069 longe
403 2981 536 3066 lateque
576 2980 772 3045 distantium
817 2980 982 3063 visitator,
1020 2983 1079 3069 qui
1116 2980 1214 3047 debet
1251 2976 1320 3046 esse

270 3083 407 3172 capituli
430 3084 606 3150 continuus
628 3082 726 3161 visor,
749 3087 784 3148 et
806 3084 972 3150 continuae
994 3082 1182 3149 residentiae
1196 3081 1320 3147 ibidem

270 3188 397 3252 fectori
457 3185 620 3251 Praeteres
668 3204 728 3251 nec
766 3184 842 3271 jura
876 3186 989 3272 alique
1025 3207 1084 3253 seu
1121 3183 1321 3252 consuetudo
1412 3204 1420 3223 “

270 3288 354 3361 dant
375 3286 623 3367 visitationem
658 3285 779 3353 decano
810 3286 917 3376 igitur
951 3288 980 3354 si
1011 3288 1099 3355 fecto
1120 3288 1248 3369 visitat,
1270 3292 1322 3353 est

270 3390 451 3477 usurpatio.

315 3492 382 3559 Sed
404 3496 474 3558 esto
496 3490 584 3577 quod
605 3491 742 3557 visitare
776 3492 879 3579 possit
911 3492 1070 3578 praedicte
1104 3494 1183 3572 loca,
1206 3500 1241 3559 et
1262 3487 1404 3558 ho-EWm
1415 3488 1479 3539 ifhe

270 3594 374 3661 mines
396 3600 556 3679 tanquam
578 3592 679 3659 ovilis
700 3599 737 3659 et
758 3614 843 3671 oves,
876 3595 1027 3681 nunquid
1048 3618 1107 3683 per
1130 3596 1191 3662 hoc
1213 3554 1483 3673 mla-pepp&

271 3698 363 3762 ditur
384 3697 553 3782 epiecopus
575 3694 619 3761 eb
641 3716 755 3761 eorum
776 3695 978 3779 visitatione,
1006 3720 1080 3764 cum
1103 3698 1173 3785 ejus
1195 3698 1264 3765 sint
1286 3687 1408 3769 eticae

271 3798 407 3868 eadem³
440 3799 543 3865 ovilia
564 3804 598 3865 ct
620 3799 744 3865 eaedem
776 3820 853 3864 oves
876 3801 982 3887 magis
1003 3803 1167 3889 propriaei
1225 3755 1480 3875 Nun-mae

271 3900 352 3988 quid
374 3901 452 3986 quia
474 3901 592 3965 domus
614 3899 772 3987 religiosae
788 3900 941 3967 ordinum
956 3903 1129 3969 beatorum
1152 3903 1324 3969 Benedicti

273 4008 307 4069 et
329 4001 511 4089 Augustini
534 4000 659 4067 habent
690 4024 764 4067 suos
795 4002 984 4069 visitatores
1017 4005 1059 4071 de
1092 4004 1215 4071 eisdem
1236 4004 1323 4069 ordi-

273 4104 381 4182 nibus,
397 4103 584 4170 excluditur
606 4126 627 4169 e
647 4102 841 4170 visitatione
863 4126 976 4170 earum
991 4106 1184 4193 episcopus?
1228 4105 1472 4179 Nun-Exemplo·

274 4206 355 4293 quid
377 4206 413 4270 a
436 4205 645 4273 caerem
668 4206 791 4283 ordine,
808 4208 887 4292 qua
908 4214 1019 4294 psas
1033 4208 1169 4274 sesses
1183 4180 1474 4301 vmuneffih„

272 4310 359 4375 filies
382 4308 503 4386 domos,
527 4308 716 4375 excluditur
737 4308 781 4374 ab
803 4310 993 4377 earumdem
1014 4310 1207 4378 visitatione
1222 4312 1323 4377 abbas
1335 4318 1429 4378 atheta,

274 4410 520 4478 Cisterciensist
563 4410 635 4477 Aut
668 4410 747 4497 quia
777 4412 928 4478 custodes
960 4413 997 4478 in
1030 4412 1145 4479 ordine
1167 4412 1323 4480 Fratrum
1335 4399 1474 4533 iffi?

275 4514 442 4579 Minorem
463 4512 606 4579 visitent
638 4513 756 4579 fratres
786 4514 967 4581 existentes
997 4516 1033 4580 in
1067 4516 1136 4581 suis
1157 4518 1322 4597 custodns,
1335 4532 1463 4652 fflue

308 4698 759 4765 ¹02...muaaeum]0m.rsn.
858 4676 1136 4768 ’aanmrras
1336 4668 1442 4729 ΠΜ

308 4782 318 4811 ·
335 4778 425 4832 cce.
435 4778 527 4830 ensem
538 4778 649 4831 maes.
