3500 5784
738 897 924 948 ·nrreroun
1294 886 1358 950 219

309 1074 414 1152 exilia,
438 1072 577 1154 vincula,
600 1077 634 1139 et
666 1093 814 1152 carceres,
847 1077 883 1139 et
912 1071 1014 1138 etiam
1045 1071 1257 1158 quantumvis
1290 1095 1363 1159 pro·

309 1178 423 1242 brocas
446 1181 480 1242 et
502 1175 633 1242 acerbas
655 1181 784 1254 mortes,
810 1197 909 1262 quam
940 1174 1056 1240 matris
1086 1197 1155 1242 suae
1176 1175 1362 1241 libertatem

310 1283 380 1345 tam
424 1279 597 1344 inhoneste
641 1279 769 1344 violent
814 1283 874 1343 aut
918 1283 988 1343 tam
1034 1278 1200 1342 enerviter
1244 1277 1363 1342 violari

310 1381 534 1468 permittantl
579 1379 646 1446 Sed
684 1380 764 1466 qnid
802 1380 884 1461 dico,
923 1402 966 1445 ne
1003 1379 1121 1445 violari
1158 1379 1362 1467 permittent,

310 1505 393 1565 oum,
410 1484 497 1570 quod
520 1482 644 1549 dictum
666 1483 757 1548 nefas
780 1486 839 1564 est,
855 1481 920 1569 ipsi
942 1481 1084 1570 episcopi
1106 1483 1149 1548 od
1171 1482 1363 1548 mandatum

310 1587 438 1673 regium
475 1587 597 1651 clerum
634 1585 699 1650 sibi
736 1584 921 1672 subjectum
958 1585 1001 1650 ad
1034 1585 1119 1651 hene
1151 1585 1364 1649 violationem

311 1689 427 1754 matris
465 1688 608 1754 ecclesiae
642 1694 677 1754 et
707 1709 834 1774 sponsae
871 1688 953 1752 Jesu
988 1686 1115 1754 Christi
1144 1688 1365 1752 irreverenter

312 1797 346 1857 et
369 1790 574 1856 truculenter
596 1790 802 1876 compellent,
825 1789 968 1875 factique
1000 1794 1079 1855 sunt
1109 1789 1363 1876 impugnatores,

313 1893 405 1979 cujus
428 1893 603 1959 constituti
633 1897 713 1958 sunt
736 1892 947 1958 defensores?
991 1891 1063 1956 Nec
1085 1892 1191 1957 solum
1213 1893 1366 1957 videntes

312 1995 426 2082 lupum
464 1995 652 2060 venientem
689 1995 831 2080 fugiunt,
863 1995 921 2059 sed
952 1994 1057 2080 magis
1094 2015 1169 2059 cum
1206 1994 1285 2080 lupo
1322 1993 1365 2058 ad

313 2098 505 2163 occidendas
543 2119 620 2163 oves
654 2097 840 2162 decurrunt.
888 2096 958 2161 Neo
992 2097 1097 2161 solum
1131 2118 1223 2162 secra
1245 2096 1366 2184 pagina

314 2205 348 2265 et
377 2200 458 2266 ordo
483 2199 632 2279 rationis,
655 2199 712 2264 sed
734 2198 836 2264 etiam
858 2199 1023 2264 canonicae
1045 2199 1229 2265 sanctiones
1251 2199 1365 2285 hujus·
1430 2223 1433 2228 ·

314 2303 404 2368 modi
437 2301 651 2368 violationem
685 2301 912 2367 ecclesiasticae
945 2299 1110 2367 libertatis
1146 2324 1215 2367 non
1243 2301 1366 2366 medio-

314 2405 414 2470 criter
435 2405 652 2470 detestantur.
700 2403 876 2470 Canonicis
899 2425 1043 2490 namque
1069 2404 1293 2470 sanctionibus
1315 2404 1365 2468 in·

315 2506 517 2572 violabiliter
549 2510 715 2573 statutum
747 2510 806 2586 est,
835 2511 875 2571 ut
906 2527 1003 2571 nemo
1033 2528 1180 2593 unquam
1203 2507 1367 2593 episcopos

315 2615 376 2674 aut
406 2608 538 2674 clericos
568 2608 657 2694 apud
679 2608 858 2674 secularem
876 2608 1024 2694 judicem
1050 2629 1209 2689 aremare,
1239 2609 1295 2673 vel
1324 2609 1367 2673 ed

315 2711 458 2777 seculare
498 2711 662 2796 judicium
707 2711 872 2776 attrahere
918 2714 1114 2796 praesumat3
1147 2732 1223 2775 cnm
1267 2709 1303 2774 hi
1347 2733 1368 2775 a

316 2815 447 2879 nemine
475 2814 605 2901 possint
638 2813 780 2899 judicari
819 2813 876 2898 qui
906 2813 950 2878 ad
981 2813 1045 2877 Dei
1075 2813 1175 2878 solius
1203 2812 1366 2899 judicium

316 2920 533 2982 reservantur.
580 2916 625 2982 Et
647 2915 727 3002 quid
750 2916 870 2980 mirum
893 2915 922 2979 si
945 2914 1044 2981 solius
1067 2914 1131 2981 Dei
1157 2919 1368 2980 reserventur

313 3019 448 3106 judicio,
477 3017 534 3105 qui
568 3017 604 3082 in
638 3021 752 3083 sancta
786 3017 957 3104 Scriptura
991 3016 1048 3083 dii
1080 3023 1116 3082 et
1147 3017 1262 3102 armati
1287 3016 1367 3083 dicti
1378 3029 1533 3087 reluxit.

318 3125 418 3188 sunt?
451 3121 541 3186 Laici
562 3141 641 3186 vero
675 3120 711 3185 in
738 3120 850 3185 eadem
874 3121 1066 3206 plerumque
1083 3119 1251 3206 jocantis
1281 3141 1367 3186 com·
1412 3111 1418 3126 '

318 3227 483 3310 pmantur.
530 3221 675 3309 Ideoque
707 3221 891 3287 honorandi
925 3227 1005 3286 sunt
1035 3244 1057 3286 a
1086 3221 1187 3302 laicis,
1210 3229 1246 3288 et
1266 3223 1368 3288 etiem

320 3349 340 3390 a
385 3325 516 3412 regibus
560 3347 628 3390 non
669 3324 849 3411 judicandi.
897 3324 980 3404 Quis
1024 3324 1113 3389 enim
1156 3324 1211 3389 vel
1255 3324 1370 3390 audiat

318 3427 483 3514 patienter
513 3427 600 3493 Deos
633 3432 668 3493 et
694 3427 826 3513 angelos
848 3449 869 3492 a
896 3426 1058 3512 jumentis
1079 3426 1244 3512 judicarit
1288 3427 1369 3492 ideo

320 3551 388 3594 non
409 3529 575 3595 immerito
598 3534 631 3595 et
654 3529 690 3592 in
713 3528 869 3594 decretali
891 3529 1031 3616 epistola
1052 3534 1199 3608 cavetur,
1223 3535 1272 3611 ut,
1295 3551 1369 3594 cum

320 3632 499 3698 secundum
521 3653 662 3698 canones
683 3631 881 3719 generaliter
903 3631 944 3697 de
966 3630 1054 3696 omni
1080 3631 1215 3697 crirnine
1237 3632 1370 3698 clericus

320 3734 439 3800 debeat
476 3755 585 3800 coram
623 3733 837 3800 ecclesiastico
869 3733 982 3820 judice
1027 3734 1205 3813 conveniri,
1237 3733 1274 3800 in
1310 3734 1370 3800 hac

321 3841 415 3924 parte
449 3836 628 3902 canonibus
658 3858 700 3900 ex
729 3835 842 3922 aliqua
871 3836 1107 3902 consuetudine
1143 3836 1370 3923 praejudicium

321 3961 390 4004 non
422 3943 604 4026 generetur.
652 3938 697 4002 Et
730 3939 816 4004 sicut
848 3937 885 4002 in
916 3937 982 4003 alia
1019 3939 1175 4004 decretali
1212 3941 1370 4025 scriptum

322 4045 391 4106 est:
418 4039 562 4116 “Clerici
596 4061 663 4106 non
688 4039 795 4105 solum
832 4039 942 4118 inviti,
966 4041 1024 4105 sed
1056 4041 1157 4106 etiem
1190 4041 1372 4107 voluntarii

325 4151 343 4178 “
366 4143 485 4230 pacisci
517 4163 585 4208 non
618 4147 764 4228 possunt,
798 4147 837 4208 ut
871 4142 1030 4208 semlann
1062 4143 1203 4210 subeant
1240 4144 1370 4229 judicia,

325 4253 344 4281 “
366 4267 440 4312 curn
462 4267 530 4310 non
552 4244 672 4311 sithoc
694 4243 889 4310 beneficium
910 4245 1088 4331 personale,
1111 4247 1164 4311 cui
1185 4246 1373 4312 renuncieri

326 4354 344 4384 “
365 4349 486 4427 valeat,
510 4347 568 4413 sed
599 4347 711 4434 potius
732 4348 799 4414 toti
830 4347 966 4434 collegio
999 4348 1214 4414 ecclesiastico
1243 4348 1372 4434 publice

200 4450 204 4463 “
326 4459 343 4486 ·‘
366 4450 410 4516 sit
440 4450 618 4532 indultum,
655 4449 708 4515 cui
738 4450 945 4537 privatorum
975 4451 1084 4538 pactio
1116 4451 1271 4538 derogare
1303 4473 1372 4517 non

327 4560 345 4590 “
367 4551 503 4641 potest'’
550 4553 593 4618 In
616 4552 681 4618 alia
711 4573 840 4639 quoque
872 4552 1028 4618 decretali
1049 4553 1096 4624 sic
1116 4553 1276 4640 scriptum
1296 4559 1369 4623 eat:

327 4665 345 4691 “
368 4657 455 4722 Sane
488 4655 576 4742 quod
607 4655 740 4742 quidam
772 4655 848 4721 laici
882 4655 1112 4721 ecclesiasticas
1149 4677 1302 4742 personas
1339 4661 1373 4722 et

327 4767 345 4793 ‘⁴
368 4757 475 4824 etiam
510 4758 597 4845 ipsos
642 4755 808 4845 episcopos
849 4752 975 4844 judicio
1008 4779 1069 4823 suo
1115 4764 1205 4825 stare
1235 4755 1373 4848 compel-

328 4867 346 4896 “
368 4861 452 4940 lunt,
484 4862 618 4948 eosqui
640 4861 681 4927 de
711 4865 829 4928 caetero
851 4858 887 4925 id
919 4869 1204 4949 praesumpserunt,
1234 4885 1257 4931 a
1286 4887 1372 4932 com-
