3500 5784
683 889 859 942 nnsmnn.
1228 877 1293 940 213

245 1067 320 1143 suis,
344 1067 402 1133 scd
424 1087 482 1153 pro
504 1064 663 1143 omnibus,
687 1068 722 1130 ot
744 1063 906 1150 praecipue
939 1083 998 1150 pro
1020 1062 1142 1128 divinis
1173 1061 1294 1128 debent

247 1162 374 1254 pon'ara
420 1167 516 1248 Quod
548 1166 689 1234 sidicat
719 1166 803 1253 quis,
825 1165 914 1251 quod
943 1163 1122 1231 secundum
1144 1164 1294 1250 Evange-

246 1269 338 1351 lium,
369 1269 545 1336 reddenda
577 1276 661 1336 suot
690 1287 766 1355 quoe
799 1273 883 1334 aaut
915 1266 1059 1335 Ooeaoris
1094 1264 1231 1344 oman,
1263 1273 1417 1359 stamas

246 1393 322 1458 qum
342 1379 424 1438 aaut
447 1371 514 1438 Dcc'
536 1372 613 1450 Dec,
637 1393 675 1437 ac
697 1392 756 1459 per
778 1370 839 1436 hoc
870 1371 1030 1437 habentes
1062 1371 1214 1436 baronias
1245 1353 1421 1436 te·¹¹¹”²¹'

246 1480 368 1540 nentur
389 1475 520 1542 domino
542 1475 611 1562 regi
640 1473 776 1540 reddere
807 1473 969 1539 rationem
990 1473 1206 1550 baroniarum,
1225 1474 1297 1560 jus-

248 1577 381 1644 titiariae
420 1577 647 1655 ministerium,
682 1577 897 1663 respondetur
933 1576 1050 1642 leviter
1080 1581 1114 1642 et
1144 1577 1295 1657 breviter,

248 1682 336 1768 quod
381 1681 410 1746 si
453 1680 599 1746 baroniae
644 1679 789 1744 virorum
841 1678 1130 1745 aeclesiasticorum
1175 1678 1298 1746 debent

248 1783 378 1850 domino
408 1783 477 1871 regi
508 1781 699 1868 justitiarius
729 1780 959 1860 ministerium,
983 1804 1051 1847 non
1079 1787 1213 1869 propter
1237 1781 1298 1848 hoc

247 1887 311 1952 viri
333 1886 548 1962 ecclesiastici,
573 1884 692 1970 quibus
715 1889 766 1950 est
794 1884 860 1949 toda
890 1884 1111 1950 ministerium
1133 1884 1297 1965 illicitum,

248 1991 376 2056 solvant
406 1987 490 2054 illud
524 2009 581 2074 per
613 2007 759 2073 personas
791 2007 859 2051 suae
891 1989 1002 2050 actum
1034 1986 1211 2074 proprium,
1241 1987 1298 2052 sed

248 2115 307 2180 per
331 2091 467 2158 alterius
492 2111 638 2177 persona
670 2093 789 2167 actum,
812 2085 869 2153 'cui
904 2088 972 2153 tale
1004 2088 1224 2154 ministerium
1247 2095 1300 2155 est

248 2195 375 2261 licitum
387 2220 395 2276 ;
440 2191 715 2280 quemadmodum
755 2195 866 2256 actum
892 2189 1021 2256 militiae
1054 2197 1089 2256 et
1125 2214 1298 2273 armorum,

248 2320 347 2386 qnam
402 2297 528 2362 ratione
570 2294 778 2360 baroniarum
831 2293 954 2358 debent
997 2293 1035 2358 in
1080 2294 1299 2361 defensionem

248 2403 373 2491 patria,
396 2423 462 2466 non
484 2399 618 2464 solvmu
639 2417 698 2484 per
720 2417 763 2477 se,
782 2416 820 2461 eo
842 2396 931 2481 quod
952 2395 1000 2461 eis
1021 2417 1089 2460 non
1111 2395 1187 2464 licet
1209 2420 1301 2464 arma

249 2510 386 2594 portare,
417 2503 474 2568 sed
512 2502 645 2567 solvunt
678 2521 736 2586 per
772 2498 852 2563 alios
889 2520 949 2584 pro
985 2519 1029 2578 se,
1062 2499 1182 2583 quibus
1219 2501 1300 2565 talia

248 2610 350 2674 licent
385 2627 443 2693 per
480 2626 522 2671 sa.
566 2604 646 2668 Non
680 2602 784 2667 solum
813 2605 925 2666 autem
957 2601 1116 2687 religiosis
1146 2603 1299 2682 maxime,

251 2719 285 2778 et
318 2713 552 2794 consequenter
582 2705 657 2770 aliis
690 2701 915 2770 ecclesiasticis
951 2703 1106 2790 personis,
1147 2704 1299 2770 illicitum

217 2845 225 2854 ·
250 2819 300 2881 est
322 2811 475 2879 seculms
492 2807 682 2895 justitiarios
712 2805 853 2872 officium
876 2826 1033 2886 exercere,
1051 2805 1110 2872 sed
1131 2811 1166 2871 et
1186 2828 1300 2873 secun-

251 2918 329 2982 dum
374 2911 580 3001 praescriptus
624 2909 767 2974 rationes
812 2907 953 2974 officium
987 2907 1232 2974 vicecomitatus
1265 2915 1300 2975 et

250 3017 420 3105 quodlibet
434 3013 576 3082 officium
590 3011 764 3088 consimile,
786 3015 820 3075 et
834 3011 977 3076 maxime
999 3011 1042 3077 ad
1064 3011 1152 3097 quod
1174 3017 1301 3098 spectat

252 3143 341 3188 saeva
361 3137 516 3184 exercere.
1075 3157 1080 3164 -

298 3221 456 3288 Similiter
487 3224 602 3285 contra
638 3213 890 3282 constitutiones
922 3216 1094 3281 canonicas
1131 3216 1300 3283 evidenter
1311 3224 1434 3280 Itisueo

252 3326 377 3391 faciunt
413 3319 636 3388 ecclesiasticos
673 3338 828 3404 personae,
854 3321 930 3381 cuni
966 3317 1105 3384 boilivas
1141 3293 1467 3415 fflfflllarfflfflfffsff

252 3431 375 3504 tenent,
399 3423 582 3511 dequibus
604 3424 758 3488 tenentur
779 3419 861 3483 viris
894 3419 1093 3486 secudanbus
1125 3422 1299 3487 ratiocinia
1310 3429 1439 3503 selenae

252 3529 394 3607 reddam,
426 3521 618 3612 provinciali
641 3521 788 3588 Concilio
818 3519 880 3585 hoc
904 3521 1075 3587 manifeste
1097 3493 1469 3615 prohibenteffssffssssul„

251 3632 387 3712 Quanta
408 3628 509 3693 etiam
530 3623 700 3711 dispendia
722 3621 914 3708 temporalia
934 3645 1030 3710 passa
1051 3623 1152 3690 fucrit
1166 3626 1298 3691 ecclesia
1310 3632 1426 3706 novun

253 3733 445 3820 Anglicana,
462 3751 537 3795 cum
558 3724 765 3792 ecclesiastici
779 3723 845 3788 viri
866 3725 925 3809 qui
947 3724 1137 3811 hujusmodi
1158 3694 1371 3794 bulivashf’·

252 3835 426 3911 tenuerint,
463 3831 518 3896 vel
548 3851 616 3894 non
663 3826 800 3892 redditis
829 3827 1013 3893 ratiociniis
1050 3829 1092 3894 ab
1130 3830 1191 3896 hac
1228 3831 1299 3896 luce

253 3935 414 4003 subtracti
438 3937 528 4012 sunt,
552 3931 605 3996 vel
632 3930 668 3994 in
694 3927 875 3994 ratiociniis
900 3929 1075 3995 reddendis
1102 3931 1298 4014 defecerint,

253 4039 326 4126 quis
349 4039 501 4124 ignorat3
524 4053 598 4098 cum
620 4030 685 4117 ipsi
708 4030 808 4096 etiam
834 4030 977 4118 episcopi
999 4034 1236 4120 compellantur
1257 4036 1299 4102 de

252 4140 411 4208 fructibus
448 4135 679 4203 beneficiorum
711 4131 899 4218 hujusmodi
932 4134 1077 4200 virorum
1114 4137 1298 4204 satisfacere

251 4242 450 4310 seemanbus
472 4237 625 4326 personis,
661 4235 780 4322 quibus
813 4237 856 4301 ad
887 4235 1061 4303 ratiocinia
1090 4246 1186 4305 erant
1216 4240 1298 4306 obli-

251 4346 345 4435 gati;
378 4349 413 4409 et
435 4343 481 4409 sic
503 4341 560 4427 qui
590 4343 744 4404 tenentur
773 4359 824 4402 res
854 4338 1084 4405 ecclesiasticas
1115 4341 1297 4421 defendere,

251 4455 287 4514 et
316 4451 356 4513 ut
384 4446 422 4510 in
454 4444 526 4531 pios
558 4463 637 4508 usus
670 4445 904 4506 convertantur
932 4441 1111 4529 providere,
1134 4449 1298 4530 coguntur

190 4579 196 4588 ·
251 4571 320 4616 esso
341 4547 483 4613 ministri
506 4541 726 4611 conversionis
748 4541 925 4608 earundem
950 4543 986 4608 in
1003 4543 1186 4610 defectuum
1208 4568 1296 4613 seeu-

252 4651 370 4719 cularis
392 4648 489 4716 officii
511 4645 866 4733 recompensationem?
911 4643 995 4712 Cum
1018 4645 1088 4712 haec
1115 4653 1227 4714 autam
1260 4656 1295 4717 et
