3500 5784
709 902 890 957 nrrsronn
1284 892 1326 956 65

279 1079 427 1147 Wclensi
463 1084 499 1145 et
532 1078 689 1166 magistro
722 1078 880 1147 Ioanne*
918 1079 1144 1147 archidiacono
1181 1080 1469 1155 Isirces·J0unc0

278 1182 361 1261 trice,
386 1180 530 1249 consenc
553 1181 642 1247 dicto
678 1202 781 1268 puero
814 1182 946 1248 intuItu
977 1182 1161 1271 dilectionis
1194 1166 1442 1286 vcstraefflgss·

278 1285 387 1351 decem
424 1305 548 1350 marcas
578 1305 707 1349 annues
741 1283 782 1351 de
813 1306 940 1350 camere
970 1290 1092 1365 nostre,
1130 1286 1233 1351 donec
1266 1308 1324 1373 per

277 1408 330 1451 me
351 1385 405 1451 vel
427 1406 484 1473 per
505 1386 607 1450 elium
629 1385 666 1450 in
687 1384 830 1451 uberiori
852 1386 1009 1453 beneficio
1031 1386 1246 1454 ecclesiastico
1269 1389 1323 1453 vel

276 1488 342 1553 nlic
363 1488 469 1554 eidem
505 1487 605 1553 merit
636 1488 813 1574 provisum,
841 1489 982 1576 proprios
1012 1510 1129 1554 monus
1162 1490 1324 1579 subscrip·

276 1590 375 1657 tione.
427 1588 616 1656 Affectuose
645 1610 724 1677 rogo
754 1596 898 1657 vescon
927 1589 1135 1657 dilectionem
1165 1593 1324 1679 quatinus

276 1693 469 1780 puedictum
500 1714 633 1757 censum
670 1714 826 1771 annuum,
859 1692 937 1759 licet
973 1694 1020 1758 sit
1051 1693 1205 1773 modicus,
1244 1696 1323 1782 quic

275 1796 391 1863 melius
422 1799 472 1861 est
504 1794 667 1861 modicum
693 1794 787 1879 justo
817 1814 916 1882 super
948 1794 1084 1861 divitias
1116 1802 1321 1884 peccatorum

276 1897 405 1977 multas,
428 1897 585 1985 praedicto
607 1896 658 1963 W.
682 1897 724 1962 de
746 1896 857 1963 Grsnc
890 1918 965 1963 cum
986 1903 1107 1965 vestrae
1137 1900 1322 1967 dilectionis

276 2000 479 2087 beneplacito
501 1999 663 2087 percipere
685 2000 908 2086 permittetis;
932 2000 976 2065 sd
996 1999 1096 2086 pedes
1118 2001 1220 2066 etism
1249 2026 1322 2069 ves-

276 2108 346 2168 tros
375 2102 567 2189 provolutus
596 2102 749 2167 omnibus
782 2102 886 2167 animi
914 2102 980 2167 mei
1002 2102 1181 2169 visceribus
1211 2126 1320 2187 exem,

275 2209 315 2269 ut
337 2204 447 2270 nulle¹
472 2204 636 2269 occasione
658 2204 788 2270 recedat
810 2204 941 2269 animus
963 2209 1115 2270 vesteno
1136 2228 1189 2272 me
1212 2215 1322 2275 vestro

275 2306 449 2393 diligendo,
465 2306 543 2394 quia
565 2328 623 2392 per
638 2306 701 2371 Dei
721 2306 862 2393 gretiam
885 2328 991 2393 neque
1013 2329 1099 2373 mors
1121 2330 1227 2394 neque
1250 2312 1323 2378 vito

274 2409 438 2497 separabit
460 2430 532 2474 meo
554 2408 719 2495 diligendo
742 2429 802 2475 vos
823 2407 860 2473 iu
883 2408 1033 2475 Domino.

732 2764 864 2833 XVIII.

281 2949 364 3018 Viro
384 2947 570 3017 venorabili
590 2947 755 3035 mopictro
776 2946 917 3015 Jocomc'
938 2947 1104 3030 Roorooo,
1124 2946 1321 3018 subdecano
1347 2966 1410 3015 12³5
1424 2964 1479 3035 [η.

362 3049 703 3131 successtiones
730 3048 856 3117 diviso
882 3049 1111 3137 permissione
1141 3050 1321 3118 lincolni-

361 3155 452 3221 ensis
480 3152 668 3241 Episcopus
706 3151 851 3219 sulutem
888 3159 918 3218 ct
956 3152 1129 3221 uiscerum
1164 3154 1322 3225 caritatis

362 3257 522 3345 affectum.

322 3430 518 3517 Recepimus
552 3426 686 3495 literss⁹
709 3427 907 3494 venerabilis
940 3429 1004 3495 viri
1043 3429 1169 3495 domini
1200 3430 1318 3510 Boetii,
1332 3452 1445 3520 Agonas

273 3532 396 3599 domini
430 3554 524 3621 papae
556 3530 670 3597 nuncii
697 3534 732 3597 et
765 3529 944 3608 fsmilisds,
978 3552 1039 3617 pro
1070 3532 1164 3598 vobis
1194 3535 1318 3621 suppli·
1333 3524 1434 3637 parting
1446 3533 1491 3577 ⁰¹¹⁸

273 3635 420 3712 cctoriss,
444 3634 600 3721 quatinus
633 3631 897 3719 permitteremus
930 3633 1025 3698 vobis
1060 3632 1198 3699 liberam
1213 3599 1464 3723 dispoleriilnto

273 3739 426 3804 sitionem
452 3736 594 3803 ecolesiae
620 3740 738 3802 vestroe
769 3732 812 3799 de
845 3734 1038 3822 Ohclgrove.
1093 3736 1180 3804 Cum
1202 3738 1316 3826 itaque

273 3840 442 3927 dispositio
476 3839 520 3905 sit
553 3860 620 3904 non
653 3860 713 3925 pro
750 3837 935 3903 voluntatis
971 3844 1076 3921 motu,
1114 3841 1172 3906 sed
1201 3864 1316 3908 secun-

272 3944 351 4008 dum
373 3941 511 4008 rationis
536 3962 604 4007 non
626 3944 790 4007 errantem
812 3940 1041 4007 discretionem
1065 3942 1238 4025 ordinatio,
1261 3966 1319 4031 ps·
1436 3977 1441 3986 ·

272 4044 427 4111 notissimi
463 4065 584 4121 sumus,
617 4041 672 4109 ct³
709 4047 879 4109 annuente
910 4042 1054 4109 Domino
1087 4044 1218 4127 erimus,
1249 4069 1318 4113 non

271 4148 376 4213 solum
407 4145 501 4213 vobis
534 4145 666 4233 speciali
698 4145 873 4212 dilectione
909 4147 1005 4211 nobis
1036 4147 1227 4232 conjunctis,
1260 4149 1317 4215 sed

271 4247 327 4315 et⁴
364 4247 515 4313 omnibus
551 4247 625 4313 aliis
669 4248 876 4313 ecclesiarum
914 4248 1093 4315 rectoribus
1130 4250 1166 4315 in
1204 4256 1317 4317 nostru

271 4352 402 4417 dioecesi
424 4350 621 4431 constitutis,
635 4350 773 4415 liberem
796 4350 1001 4417 ecclesiarum
1024 4374 1157 4418 suarum
1179 4353 1315 4441 disposi-

271 4454 394 4521 tionem
438 4454 632 4535 concedere3
676 4452 742 4518 imo
780 4450 823 4518 cd
860 4451 962 4519 libere
999 4453 1237 4541 disponendum
1274 4457 1315 4522 de

1218 4629 1312 4637 ——.

329 4716 408 4785 nudo]
427 4717 476 4779 illc,
487 4718 577 4771 Quo.
835 4721 845 4750 ³
860 4720 898 4787 et]
916 4734 964 4771 em.
976 4720 1074 4783 O.C.O.,
1086 4721 1136 4773 01.

307 4800 317 4830 ¹
331 4798 420 4853 O.C.C.
433 4798 521 4850 inserts
532 4804 632 4850 vestros.
836 4802 846 4832 ⁴
864 4798 954 4852 occ.
966 4800 1057 4851 inserts
1068 4801 1102 4851 in.

1158 4898 1179 4945 E
