3500 5784
686 859 862 909 ammona.
1260 845 1302 909 25

255 1033 276 1064 “
298 1031 492 1117 ‘putarant'
552 1029 654 1097 Unde
683 1053 757 1097 cum
790 1035 877 1097 esset
909 1051 932 1096 a
961 1030 1156 1117 quibusdam
1189 1033 1305 1117 postea

254 1138 274 1165 “
296 1134 505 1221 stupentibus
526 1132 757 1221 interrogatus
782 1132 913 1219 aperuit
941 1133 1030 1219 quod
1051 1156 1119 1199 non
1150 1132 1303 1198 intellex-

255 1239 274 1269 “
297 1245 401 1317 eraut,
416 1236 569 1301 videlicet
591 1236 641 1301 illi
658 1236 730 1323 jam
748 1237 841 1302 aetati
864 1257 932 1301 non
953 1236 1014 1301 hoc
1036 1258 1070 1301 se
1084 1236 1184 1301 fuisse
1194 1236 1305 1321 jussu·

255 1344 377 1403 “rum
424 1339 568 1405 Tantum
601 1338 706 1427 igitur
736 1338 826 1405 valet
857 1338 965 1417 rati0;
1002 1343 1042 1405 ut
1074 1338 1203 1403 artibus
1236 1359 1303 1401 non

257 1444 277 1473 “
298 1440 442 1518 mutatis,
467 1442 556 1528 quod
578 1442 755 1507 seeundum
785 1464 840 1506 eas
862 1441 911 1519 lit,
935 1438 1000 1505 sit¹
1035 1462 1096 1528 pro
1117 1446 1303 1527 temporum

259 1542 459 1609 “varietate
481 1544 697 1624 mutandum
725 1548 855 1608 mutata
875 1542 996 1629 quippe
1027 1544 1185 1630 temporis
1206 1563 1304 1608 causa

258 1648 277 1679 “
300 1644 387 1731 quod
417 1644 530 1711 recte²
552 1650 651 1711 antea
683 1644 807 1710 factum
843 1644 960 1723 fuerat,
990 1643 1040 1709 ita
1072 1645 1194 1710 mutari
1225 1666 1305 1710 vera

259 1750 278 1779 ‘⁴
299 1746 385 1812 ratio
407 1747 596 1835 plerumque
619 1747 774 1833 flagitat3
796 1752 835 1812 ut
866 1753 956 1813 recte
989 1768 1058 1812 non
1087 1746 1190 1834 possit
1222 1747 1303 1825 fieri,

259 1856 278 1882 “
298 1847 363 1913 nisi
385 1854 540 1931 mutetur,
556 1850 635 1937 quia
657 1856 833 1935 utrumque
856 1853 937 1915 tune
959 1850 1023 1915 erit
1044 1848 1222 1930 rectum,si
1241 1848 1305 1915 erit

260 1956 278 1985 “
299 1972 360 2037 pro
380 1956 567 2039 temporum
590 1951 783 2017 diversitate
805 1952 980 2019 diversum.
1039 1952 1136 2033 Quod
1157 1952 1246 2017 enim
1267 1951 1305 2015 in

258 2053 491 2119 “diversitate
513 2075 727 2142 personarum
760 2076 827 2120 uno
849 2060 998 2141 tempore
1018 2054 1163 2121 accidere
1184 2058 1304 2142 puteat,

258 2164 277 2190 “
299 2162 340 2220 ut
370 2155 447 2221 hnic
468 2156 566 2223 liceat
587 2156 712 2244 aliquid
734 2156 868 2243 impune
889 2156 1003 2237 facere,
1024 2156 1075 2221 illi
1097 2178 1165 2222 non
1186 2156 1303 2221 liceat:

260 2265 279 2291 “
301 2279 369 2323 non
391 2259 478 2346 quod
493 2258 662 2325 dissimilis
676 2281 729 2325 res
744 2259 797 2340 sit,
813 2258 870 2325 sed
885 2260 973 2345 quod
988 2257 1040 2325 is³
1054 2258 1112 2345 qui
1132 2259 1234 2341 facit3
1256 2258 1307 2324 ica

259 2366 279 2397 “
301 2360 344 2425 ab
366 2384 434 2426 una
460 2362 637 2447 eademque
659 2383 798 2448 persona
820 2362 959 2427 diversis
993 2362 1194 2451 temporibus
1224 2368 1306 2429 tune

258 2468 278 2498 “
300 2468 431 2550 oportet
452 2464 578 2550 aliquid
599 2464 682 2545 fieri,
699 2468 779 2531 tunc
793 2485 860 2530 non
876 2469 1027 2551 oportet:
1052 2486 1120 2530 non
1142 2465 1232 2551 quod
1253 2465 1305 2530 sui

259 2574 277 2602 “
300 2565 468 2630 dissimilis
497 2566 549 2644 sit,
573 2566 632 2653 qui
655 2566 742 2647 facit,
766 2566 824 2632 sed
855 2566 988 2653 qnando
1018 2566 1125 2633 facit.”
1170 2567 1223 2631 Ex
1253 2566 1306 2631 his

259 2668 364 2755 igitur
385 2668 494 2735 verbis
524 2668 614 2735 beati
638 2668 820 2757 Augustini
854 2670 935 2735 satia
967 2669 1090 2755 liquere
1123 2674 1241 2756 potest,
1262 2690 1306 2733 ex

259 2794 326 2837 una
348 2776 382 2836 ct
411 2770 524 2837 eodem
546 2772 643 2837 modo
666 2776 836 2837 constante
859 2793 985 2859 semper
1014 2772 1143 2837 ratione
1168 2792 1228 2858 pro
1250 2793 1307 2835 va-

258 2874 376 2939 rietate
390 2878 573 2961 temporum
589 2878 623 2939 ct
646 2895 825 2955 causarum,
841 2880 933 2939 actus
954 2874 1126 2961 provenire
1141 2874 1307 2953 diversos3
1349 2913 1352 2920 ·

259 2998 426 3061 unumque
449 2997 507 3063 pro
541 2976 645 3041 altaro
676 2997 762 3063 aaepe
800 2976 1069 3041 commutandum
1106 2981 1150 3057 et,
1173 2976 1307 3042 suborta

260 3100 347 3144 nava
368 3100 472 3158 causa,
496 3078 584 3164 quod
607 3078 676 3144 sine
699 3078 771 3165 ipsa
793 3078 830 3143 in
852 3079 962 3164 aliquo
984 3084 1131 3166 tempore
1154 3084 1239 3145 esset
1259 3079 1308 3143 fa·

260 3180 418 3259 ciendum,
441 3180 478 3245 in
499 3181 613 3247 eodem
634 3186 782 3267 tempora
804 3186 855 3247 est
877 3180 1107 3260 omittendum,
1130 3187 1165 3247 et
1186 3182 1241 3247 vel
1269 3181 1307 3247 in

260 3282 352 3348 aliud
367 3284 643 3364 commutandum,
658 3284 713 3347 vel
727 3283 763 3347 in
777 3288 909 3370 tempus
922 3284 1140 3371 opportunius
1153 3284 1306 3351 differen-

260 3385 349 3451 dum
392 3384 512 3453 Valeat
533 3408 660 3472 semper
681 3386 717 3450 in
739 3384 882 3452 Domino
903 3391 1014 3453 vestra
1035 3387 1211 3455 veneratio.

751 3634 808 3701 IV.

260 3782 422 3851 Dominis
444 3785 487 3851 ica
512 3784 646 3853 Christo
668 3784 798 3853 dilectis
819 3786 973 3853 Albaue
995 3794 1026 3853 et
1050 3786 1240 3857 canemus·
1265 3788 1306 3856 de
1361 3800 1433 3849 12³1·

346 3886 533 3973 Remissa,
549 3888 714 3954 Robertus
736 3887 1013 3957 Archidiueonns
1034 3888 1431 4006 leiceastrienac'aaeffl

347 3989 490 4056 sulutem
512 3997 542 4056 et
564 3989 703 4056 merua
726 3989 884 4057 caritatis
905 3990 1068 4078 affectum.
1316 4024 1388 4088 hm,

304 4137 425 4226 Scripsi
438 4140 534 4205 vobis
555 4139 686 4205 literam
707 4140 880 4206 humiliter
900 4142 1138 4230 supplicantem
1155 4150 1195 4211 ut
1216 4145 1305 4212 diem
1317 4146 1467 4198 Thelseai

258 4240 348 4327 pacis
367 4241 457 4307 inter
478 4264 538 4308 nos
571 4242 788 4309 reformandas
821 4242 900 4309 dare
931 4244 1061 4311 velletis
1094 4247 1303 4328 diffissicrem,
1317 4215 1446 4332 ffltffilw

259 4342 413 4409 videlieet
449 4366 551 4430 usque
579 4345 622 4410 ad
653 4345 797 4413 reditum
830 4367 941 4412 meum
978 4370 999 4413 a
1035 4350 1305 4437 peregrinatione,
1318 4348 1433 4413 llaring

649 4532 704 4539 ...-
712 4534 985 4543 -ῄ--ι--οῄ

295 4638 302 4668 ¹
319 4638 365 4704 ait]
379 4654 427 4689 om.
440 4638 491 4690 Ox.
524 4638 593 4705 Aug.
606 4639 680 4690 omits
685 4640 727 4705 fit.
843 4644 853 4674 ¹
871 4642 907 4709 is]
919 4641 978 4705 hiis,
991 4644 1040 4695 0¹.

293 4718 303 4747 ²
319 4718 395 4783 recle]
409 4724 515 4780 rectum,
528 4718 581 4769 Sin.

1052 4808 1074 4856 B
1096 4798 1169 4859 54—
