3500 5784
458 814 525 885 376
786 830 933 880 nonnam
955 828 1186 879 oaossrrnsrn

460 1004 568 1070 tulum
591 1005 693 1069 alium
724 1025 791 1069 non
821 1004 943 1069 habeat
975 1002 1190 1079 visitatorem,
1217 1009 1355 1089 exeepto
1377 1000 1514 1066 domino

461 1108 551 1195 Papa
582 1112 618 1172 et
648 1106 897 1193 archiepisoopo‚
926 1107 956 1171 si
985 1113 1100 1173 tamen
1128 1106 1172 1171 ad
1200 1104 1308 1191 ipsum
1343 1104 1514 1191 pertineat

460 1209 648 1295 hujusmodi
695 1208 863 1274 visitatio:
908 1209 1050 1274 decanus
1094 1228 1236 1294 namque
1273 1208 1383 1294 ipsum
1422 1206 1513 1292 oapi-

460 1313 567 1378 tulum
604 1312 740 1377 visitare
777 1332 845 1377 non
877 1316 1009 1398 potest3
1047 1310 1187 1377 verbum
1224 1310 1312 1376 enim
1345 1305 1510 1375 visitoau¹

461 1415 600 1482 verbum
634 1418 683 1481 est
715 1412 1048 1499 frequentativum'3
1069 1413 1292 1499 frequentatio
1319 1418 1431 1477 antem
1459 1416 1512 1477 est

461 1539 528 1584 non
572 1515 671 1583 unius
719 1516 837 1581 notus⁸
888 1516 1103 1593 oontinuatio,
1141 1515 1201 1581 sed
1236 1521 1330 1581 aetus
1362 1514 1510 1579 intercisi

294 1641 432 1695 Thadita-
461 1619 680 1706 multiplicata
716 1618 877 1705 repetitio.
947 1617 1098 1683 Pastores
1133 1624 1246 1682 autem
1290 1616 1432 1703 proximi
1476 1620 1514 1679 et

293 1711 645 1827 mlxvimmediati
677 1726 756 1785 sunt
786 1719 937 1785 continui
966 1719 1075 1807 gregis
1107 1717 1253 1798 visores;
1284 1722 1419 1805 propter
1450 1716 1513 1783 hoo

293 1844 413 1893 mdsoi-
460 1824 548 1891 enim
571 1823 725 1890 continue
747 1822 901 1899 resident,
918 1827 959 1888 ut
979 1844 1113 1909 gregem
1135 1820 1292 1887 oontinue
1313 1820 1451 1886 videant
1475 1828 1513 1885 et

294 1916 364 1961 “⁸⁶⁰''
459 1926 616 1993 continuo
647 1931 784 2013 pascant
817 1929 851 1989 et
885 1928 1010 1989 curent
1055 1922 1166 2008 Igitur
1199 1924 1354 1989 oontinue
1389 1924 1514 1988 visores

459 2032 567 2119 gregis
604 2035 692 2107 sunt,
739 2049 807 2095 non
843 2027 1041 2093 visitatores
1109 2026 1289 2113 Episoopus
1334 2048 1420 2104 vero,
1458 2026 1513 2091 cni

461 2133 681 2200 committitur
724 2152 802 2197 cura
837 2131 985 2195 omnium
1025 2129 1214 2195 animarum
1246 2129 1353 2196 totius
1389 2128 1513 2215 episeo-

461 2242 569 2323 patus,
612 2238 745 2320 proptor
779 2232 1030 2297 multitudinem
1073 2232 1187 2297 ovium
1221 2235 1256 2297 et
1298 2230 1515 2297 latitudinem

462 2335 680 2402 habitationis
716 2356 830 2401 earum
864 2355 992 2400 neeesse
1031 2334 1145 2413 habet,
1183 2332 1263 2421 quia
1300 2340 1414 2419 pastor
1450 2338 1514 2413 est,

461 2438 575 2505 ovium
598 2459 709 2504 omnes
741 2436 880 2517 videre;
909 2440 945 2501 et
971 2437 1049 2523 quia
1070 2458 1139 2523 prae
1161 2458 1274 2502 earum
1295 2436 1516 2503 multitudine

459 2547 495 2607 et
524 2540 739 2606 habitationis
769 2561 883 2605 aarum
908 2538 1086 2605 latitudine
1113 2561 1181 2605 non
1209 2543 1320 2626 potest
1348 2539 1447 2603 simul
1477 2544 1516 2604 et

459 2644 615 2711 oontinue
643 2663 756 2709 omnes
787 2642 910 2722 videre,
933 2663 1065 2708 necesse
1087 2648 1138 2707 est
1160 2645 1201 2707 ut
1221 2663 1310 2707 nuno
1341 2641 1400 2707 has
1423 2663 1514 2707 nnnc

459 2746 533 2813 illas
554 2746 675 2823 videat,
700 2749 735 2811 et
763 2744 881 2811 harum
907 2744 1067 2809 visionem
1097 2765 1154 2830 per
1183 2744 1323 2809 aliarum
1350 2743 1515 2809 visionem

459 2850 690 2935 interrumpat,
714 2854 749 2913 et
778 2847 982 2934 interruptas
1004 2846 1147 2913 visiones
1168 2845 1360 2932 frequenter
1373 2852 1515 2933 repetat,

459 2956 494 3019 et
516 2952 562 3017 sio
584 2972 697 3015 omnes
728 2949 851 3015 visitet
912 2948 1070 3034 Alioquin
1099 2947 1271 3013 habebunt
1307 2948 1413 3015 solum
1435 2969 1513 3013 oon-

291 3066 431 3131 Thedesn,
459 3056 571 3121 tinuos
608 3052 741 3130 visores,
774 3072 944 3137 nunquam
976 3056 1090 3117 autem
1107 3050 1323 3117 visitatorem
1356 3050 1514 3117 Deeanus

291 3134 581 3252 {ffl'ffitnouo
613 3155 671 3241 qui
702 3175 813 3220 curam
844 3154 1071 3219 immediatam
1105 3153 1207 3219 habet
1235 3155 1381 3241 capituli,
1412 3160 1448 3220 et
1469 3156 1516 3219 sd

292 3266 430 3319 namue-
459 3259 650 3325 oontinuam
676 3262 810 3323 tenetur
838 3256 875 3321 in
904 3256 1038 3322 eeclesia
1073 3255 1254 3321 cathedrali
1290 3256 1514 3336 residentiam,

290 3334 528 3451 fflffmnon
560 3358 684 3447 poterit
721 3358 868 3446 ejusdem
906 3381 975 3424 esse
1011 3358 1166 3424 vassas
1177 3384 1187 3439 ;
1220 3358 1372 3425 similior
1404 3381 1516 3444 nequo

289 3464 385 3521 visas
459 3462 650 3529 clericorum
672 3461 771 3541 chori,
795 3461 865 3527 sive
887 3459 1010 3527 habeat
1033 3483 1145 3527 eorum
1170 3483 1282 3527 miram
1304 3461 1516 3548 pastoralem,

458 3565 529 3630 sive
550 3586 626 3629 non.
686 3564 723 3629 Si
746 3563 835 3629 enim
857 3563 980 3628 habeat
1001 3583 1114 3627 eorum
1144 3586 1256 3630 miram
1277 3564 1514 3651 supradictam,

458 3665 587 3732 ratione
621 3687 734 3731 eorum
766 3666 921 3733 visitator
952 3686 1021 3731 non
1046 3669 1105 3732 est·
1165 3665 1203 3733 Si
1225 3689 1305 3733 vero
1326 3668 1514 3733 animamur

458 3790 570 3835 esrum
593 3789 705 3834 euram
728 3790 795 3833 non
818 3767 930 3847 habet,
960 3773 1042 3835 tuno
1070 3782 1138 3834 non
1160 3776 1240 3835 sunt
1269 3770 1341 3856 ejus
1363 3791 1448 3847 ovea,
1471 3792 1516 3837 ae

457 3892 516 3959 per
553 3870 614 3936 hoo
651 3891 757 3955 neque
802 3871 845 3935 ad
881 3870 976 3936 illum
1013 3872 1159 3958 pertinet
1203 3892 1316 3937 earum
1353 3872 1513 3939 visitatio.

459 3974 540 4054 Quis
570 3971 659 4037 onim
680 3992 749 4037 non
772 3994 847 4037 suas
878 3971 956 4038 oves
986 3974 1111 4051 visitat,
1144 3974 1207 4039 nisi
1233 3974 1318 4040 forte
1339 3975 1516 4041 oommissa

457 4075 557 4141 fuant
592 4074 622 4141 ei
645 4073 688 4139 ab
722 4096 768 4152 eo,
795 4074 889 4160 cujus
918 4082 998 4141 sunt
1026 4076 1174 4163 propriae,
1206 4098 1319 4143 earum
1340 4078 1516 4144 visitatos

458 4178 541 4259 Quis
572 4180 684 4245 autem
714 4175 835 4243 habeat
865 4198 977 4243 curam
1006 4179 1191 4244 animarum
1217 4180 1444 4246 immediatam
1468 4182 1515 4247 de

457 4279 676 4366 dignitatibus
721 4284 756 4344 et
800 4279 985 4366 praebendis
1041 4285 1076 4345 et
1127 4302 1309 4360 eommuna,
1363 4284 1515 4369 exceptis

456 4381 596 4461 vinariis,
629 4404 697 4447 non
728 4380 808 4447 satis
838 4382 1002 4467 liquidum
1032 4402 1102 4447 esse
1135 4382 1277 4448 videtur.
1323 4383 1513 4451 Canonious

526 4540 596 4547 ,,-,-
621 4540 628 4545 ,
647 4540 651 4545 ,
670 4539 724 4545 ,.-,..
772 4540 781 4544 -
796 4540 824 4544 ,-.
932 4541 935 4544 .
1001 4540 1070 4545 --,,
1088 4540 1129 4544 ..-
1143 4539 1282 4546 .—-.—-
1305 4542 1353 4547 -...
1371 4542 1464 4548 -.......

491 4625 497 4653 ¹
516 4622 631 4689 abitare]
648 4622 775 4685 visitandi,
787 4620 887 4684 G.C.0.‚
899 4622 949 4674 Ox.
1006 4623 1168 4687 c.c.c.,01.

490 4703 501 4733 ²
508 4702 729 4768 frequentativam]
739 4701 956 4767 hequentantimm
1039 4704 1050 4733 ⁸
1065 4704 1149 4771 aetna]
1168 4720 1217 4755 om
1230 4704 1302 4756 Trin.
