3500 5784
417 801 487 866 218.
740 812 886 862 saunari
907 811 1136 863 oaossnrnsrn

416 989 610 1074 temporales
640 1007 751 1055 sorum
785 987 968 1052 ministerio
992 988 1036 1053 ad
1058 1009 1171 1074 paoem
1192 987 1351 1073 temporis
1372 1007 1464 1072 pera·

414 1097 505 1178 geret
536 1090 698 1176 judicium
736 1091 772 1155 in
811 1090 908 1156 rebus
945 1090 1143 1156 secularibus
1178 1095 1213 1156 et
1256 1089 1464 1155 transitoriis

417 1194 536 1260 Omnis
557 1194 661 1280 igitur
678 1193 805 1278 judicia
826 1193 968 1260 ecclesias
990 1199 1076 1273 sunt,
1099 1193 1179 1278 quia
1192 1192 1363 1279 sapientise
1385 1197 1464 1256 sunt

414 1319 473 1384 per
495 1297 729 1384 proprietatem
761 1299 795 1362 et
825 1297 1077 1375 auctoritatem
1100 1296 1210 1360 omnia
1231 1315 1310 1360 vero
1337 1294 1463 1379 judicia

414 1399 626 1464 emlesiastica
652 1399 794 1464 ecclesiae
821 1404 901 1464 sunt
930 1419 988 1486 per
1018 1397 1346 1474 administrationem,
1378 1397 1464 1462 sicut

414 1502 524 1567 omnia
541 1501 666 1586 judicie
688 1501 845 1568 secularis
867 1502 1052 1588 principum
1083 1505 1118 1566 et
1139 1503 1342 1586 potestatum
1364 1498 1463 1564 seculi

414 1609 493 1670 sunt
515 1604 666 1669 similiter
681 1625 740 1690 per
754 1604 1083 1670 administrationem.
1128 1603 1199 1668 Neo
1220 1602 1316 1667 alteri
1334 1601 1463 1687 judices

414 1708 589 1772 citerorum
607 1707 758 1792 judicum
780 1729 838 1794 per
860 1707 1082 1772 ministerium
1103 1705 1276 1792 judicandi
1297 1705 1464 1769 invadunt

413 1811 502 1888 fines,
550 1809 615 1874 nisi
659 1809 744 1874 forte
782 1831 856 1874 cum
900 1809 1103 1876 inevitabilis
1148 1809 1236 1894 cogit
1280 1807 1462 1872 necessitas

414 1913 501 1994 Quia
544 1913 633 1978 enim
679 1912 788 1978 omnia
827 1912 952 1998 judicia
996 1933 1055 1998 per
1109 1911 1340 1975 auctoritatem
1385 1915 1465 1974 sunt

413 2015 562 2093 ecclesias,
584 2014 748 2102 principes
771 2015 879 2094 seculi,
903 2037 977 2080 cum
1009 2035 1077 2079 non
1108 2013 1231 2078 habent
1264 2013 1463 2098 superiorem

408 2118 558 2204 judicem¹
599 2108 784 2198 secuissem,
824 2117 924 2181 stiam
968 2117 1005 2180 in
1043 2116 1149 2182 causis
1186 2114 1384 2180 secularibus
1422 2115 1464 2179 sb

413 2221 545 2286 ccclesia
566 2220 739 2306 requirunt
756 2219 929 2304 judicium.
975 2219 1054 2284 Ideo
1072 2224 1106 2284 et
1120 2217 1144 2283 J
1145 2218 1276 2283 eremise
1298 2218 1356 2303 qui
1377 2219 1465 2304 gerit

246 2331 299 2382 ser.
312 2334 329 2386 i.
343 2341 380 2386 ro.
412 2329 531 2411 typum
553 2323 737 2410 principum
760 2321 910 2398 ecelesiae,
935 2319 1061 2386 dictum
1092 2326 1163 2385 est:
1187 2321 1269 2386 Ecce
1299 2320 1464 2388 constitui

413 2434 442 2493 te
464 2447 568 2511 saper
588 2432 700 2512 posttea
723 2430 753 2490 at
780 2445 884 2509 super
905 2444 1021 2508 ropac,
1037 2429 1078 2488 at
1100 2421 1227 2502 weilos,
1255 2429 1285 2488 et
1300 2422 1464 2504 datam,

413 2535 443 2595 et
488 2527 676 2614 disperdas,
722 2533 752 2592 st
789 2525 943 2612 dissipes,
981 2532 1012 2591 et
1048 2523 1200 2609 aediytcea
1239 2531 1270 2590 et
1301 2523 1463 2612 plastes,-

411 2635 590 2719 poteststes
622 2630 726 2716 igitur
759 2633 794 2694 et
820 2628 948 2714 judices
975 2627 1142 2704 seculares,
1166 2630 1319 2714 cogentes
1342 2627 1463 2693 olerum

411 2735 552 2801 seculare
574 2732 684 2798 subire
702 2731 873 2817 judicium,
889 2730 1028 2795 liberam
1050 2729 1209 2794 ancillast
1227 2734 1261 2794 et
1283 2732 1463 2816 captivent,

411 2861 470 2904 noo
492 2835 644 2924 quamvis
667 2835 816 2914 liberam,
836 2833 894 2898 sed
915 2833 1022 2919 pretio
1044 2832 1271 2898 inaestimabili
1293 2833 1464 2919 sanguinis

244 2947 307 3011 Eeb.
320 2965 344 3000 v.
357 2951 396 3000 27.
410 2941 433 3006 J
434 2963 491 3006 esu
515 2938 639 3005 Ohristi
660 2928 844 3016 liberatam,
868 2957 1020 3022 sponsam
1044 2934 1176 3013 Christi,
1194 2934 1358 3021 virginem
1389 2936 1464 3000 sisu

410 3041 549 3108 maculo
569 3047 600 3106 et
621 3061 719 3125 rapo,
744 3044 884 3104 matrem
907 3037 1008 3103 etiam
1033 3037 1221 3124 propriam3
1243 3037 1382 3123 ideoque
1404 3061 1464 3104 nec

410 3143 575 3210 immerito
634 3143 807 3207 incurrunt
867 3140 1132 3204 maledictionem
1190 3139 1464 3205 inhonorantium

283 3275 285 3280 ·
357 3241 359 3244 ’
411 3249 550 3312 matrem
573 3265 647 3330 quse
669 3244 706 3308 in
728 3243 813 3308 libro
837 3241 1016 3329 Sapientiae
1037 3243 1099 3307 sub
1128 3241 1181 3306 his
1203 3241 1313 3307 verbis
1336 3244 1465 3329 prolata

245 3380 341 3431 pedu„
354 3379 389 3428 ffi
411 3356 470 3427 ost,
492 3349 536 3414 dt
565 3354 610 3414 est
646 3344 847 3412 maledictas
869 3367 892 3410 u
913 3345 983 3410 Deo
1016 3342 1081 3430 qut
1107 3349 1278 3430 mosperct
1306 3351 1461 3411 matrem.

246 3455 283 3501 1⁸·
412 3451 482 3538 Ipsi
505 3451 605 3516 stiam
628 3447 795 3535 AEgyptiis
829 3451 908 3512 sunt
940 3447 1143 3525 crudeliores,
1168 3451 1203 3511 et
1236 3446 1407 3533 impietate
1428 3450 1464 3513 in

411 3543 520 3620 Deum
551 3557 586 3617 et
616 3550 802 3616 reverentie
835 3550 871 3614 in
905 3548 1122 3614 sacerdotium
1154 3548 1336 3636 gentilibus
1358 3556 1465 3635 poste-

314 3641 332 3653 ”
410 3655 509 3720 riores
542 3659 577 3719 et
608 3653 872 3741 impudentiores,
909 3651 998 3737 quod
1020 3651 1084 3716 Dei
1118 3656 1170 3716 est
1202 3651 1371 3737 proprium
1401 3653 1465 3717 sibi

410 3763 613 3844 usurpantes,
659 3756 798 3842 gradum
829 3756 1027 3840 superiorem
1064 3773 1164 3838 quem
1201 3753 1266 3818 sibi
1303 3762 1466 3840 congruat

410 3859 620 3947 impudenter
642 3857 900 3924 conscendentes.
947 3857 993 3921 Et
1013 3855 1087 3920 ideo
1100 3861 1210 3921 erunt
1227 3856 1320 3941 justo
1337 3856 1466 3942 judicio

244 3981 269 4032 s.
283 3981 344 4030 Luc.
411 3960 640 4028 amasionum
656 3959 766 4026 locust
779 3981 858 4025 cusa
872 3957 992 4024 sabas
1007 3963 1163 4036 teaeatea,
1179 3963 1214 4023 et
1229 3959 1307 4045 quia
1321 3965 1400 4025 sunt
1415 3983 1466 4025 or-

244 4047 296 4145 ¹i,*'·
309 4053 332 4098 ⁹
412 4066 499 4131 dinis
513 4063 764 4152 perturbatores,
775 4061 892 4126 merito
903 4061 987 4126 fient
1000 4060 1090 4124 illius
1104 4061 1167 4126 loci
1181 4060 1394 4141 habitatores,
1406 4065 1465 4129 ubi

242 4129 400 4246 ppppppnpes
413 4169 524 4236 nullus
547 4167 635 4242 ordo,
652 4165 710 4229 sed
733 4163 950 4251 sempiternus
972 4162 1089 4228 horror
1110 4163 1286 4230 inhabitat.
1325 4164 1467 4233 Peccsnt

243 4263 400 4394 {lissgdffi
412 4273 515 4358 igitur
548 4267 736 4355 hujusmodi
764 4266 901 4352 judices,
924 4272 1059 4353 peccant
1090 4269 1124 4330 et
1155 4266 1271 4344 clerici,
1298 4267 1462 4353 judicium

133 4385 138 4394 '
243 4395 526 4457 artuscensem
557 4372 745 4450 subeuntes,
768 4373 904 4456 peccant
934 4374 969 4433 st
994 4367 1122 4454 praelati
1153 4372 1258 4434 tsntae
1290 4369 1463 4435 violationi

242 4463 396 4557 grievously.
412 4476 577 4542 libertatis
608 4473 832 4542 ecclesiasticae
864 4494 899 4538 se
932 4493 1000 4536 non
1037 4469 1221 4549 obicientes,
1253 4469 1464 4556 factitabat

242 4546 340 4596 Lama.
353 4551 377 4596 θ’
412 4579 532 4646 arietes
565 4599 639 4644 soa
676 4575 888 4642 assentasse
916 4593 1057 4659 poscito,
1089 4579 1120 4638 et
1150 4571 1309 4640 obeuntes
1340 4572 1462 4660 ubaqae

410 4681 487 4748 atto
501 4679 714 4768 fortitudinis
736 4683 816 4743 osto
838 4675 968 4763 faciam
1001 4673 1234 4760 ausaausa.
1283 4675 1351 4742 Our
1373 4677 1465 4743 enim

410 4805 477 4849 non
510 4783 615 4869 magis
652 4781 784 4854 fortiter
814 4779 990 4866 patiuntur
1022 4777 1168 4863 injurias,
1192 4778 1465 4866 depraedatioueS,
