3500 5784
470 858 513 923 34
795 869 943 921 nornen
966 870 1195 922 oaossrrrsrr

471 1042 667 1107 Christianis
689 1044 894 1131 principibus
916 1044 1061 1133 reoolligi
1082 1042 1227 1110 debeant
1248 1048 1284 1108 et
1306 1044 1404 1123 tueri,
1426 1040 1520 1128 prius

301 1158 366 1207 Acts
379 1156 403 1207 ti.
416 1160 455 1209 aa.
470 1144 645 1230 diligenter
667 1146 856 1213 attendatis.
905 1148 1043 1234 Propter
1065 1152 1235 1234 peoeatm
1257 1145 1521 1229 homicidiique

469 1247 585 1312 mundi
608 1246 822 1330 Salvatorem,
847 1248 1028 1315 Dominum
1060 1248 1232 1317 nostrum¹
1261 1248 1377 1314 Jesum
1408 1246 1520 1315 Chris·

469 1352 542 1412 tum
565 1348 728 1434 affigendo
747 1350 841 1428 oruci,
866 1352 1042 1416 crudeliter
1062 1352 1259 1428 oecidertmt,
1282 1370 1325 1416 ne
1346 1372 1405 1437 per
1426 1346 1521 1435 ejus⁹

300 1444 440 1563 {astonxt
470 1451 718 1517 saluberrima-m
748 1454 1017 1539 praedioationem
1039 1453 1146 1519 locum
1176 1454 1351 1541 perderent
1375 1456 1410 1517 et
1440 1473 1518 1537 gen-

469 1558 546 1631 tem,
585 1575 643 1640 per
684 1554 797 1621 Titum
836 1560 871 1621 et
909 1555 1147 1641 Vespasianum
1192 1556 1299 1621 locum
1344 1551 1519 1618 infeliciter

468 1655 657 1735 amiserunt,
681 1661 717 1722 et
743 1656 807 1744 ipsi
834 1656 1005 1743 captivati,
1028 1662 1064 1722 et
1093 1678 1152 1743 per
1176 1678 1289 1723 omnes
1311 1655 1460 1742 regiones
1483 1658 1518 1719 et

466 1758 618 1825 nationes
640 1760 764 1846 captivi
787 1760 926 1845 dispersi
957 1764 1231 1838 santamente
1253 1759 1374 1824 ultima
1402 1757 1518 1821 mnndi

466 1863 617 1946 tempora
652 1862 695 1925 ad
732 1861 923 1926 libertatem
960 1861 1126 1926 redibunt.
1194 1861 1247 1926 In.
1274 1860 1402 1925 ultimis
1438 1879 1517 1923 vero

466 1959 680 2049 temporibus,
704 1984 778 2028 oum
794 1958 975 2048 plenitudo
995 1960 1263 2049 penitemini
1285 1962 1442 2049 seriptum
1458 1966 1516 2038 est,

301 2144 307 2163 ἱ
321 2086 339 2153 ‚⁰
368 2073 420 2123 .xi.
467 2061 661 2145 intraverit,
676 2064 829 2130 videlieet
851 2060 896 2129 ad
917 2065 1027 2145 fidem,
1043 2070 1124 2130 tuno
1144 2062 1392 2142 omuieleeaet
1408 2064 1516 2139 idest,

318 2154 340 2199 '³’
388 2177 394 2189 '
466 2165 605 2253 populus
634 2166 835 2245 ludaeorum,
863 2188 922 2254 per
951 2166 1089 2232 eandem
1120 2164 1245 2233 Christi
1271 2166 1371 2231 fidem
1401 2164 1517 2232 saturae

457 2264 527 2353 fiet,
564 2273 598 2333 et
635 2268 678 2333 ad
711 2288 824 2334 veram
858 2265 1046 2334 libertatem
1082 2269 1123 2335 de
1158 2268 1353 2355 captivitate
1386 2268 1514 2334 redibit

466 2370 607 2434 Interim
630 2376 742 2435 autem
766 2372 846 2435 dum
876 2371 965 2435 idem
994 2370 1135 2458 populus
1157 2370 1352 2437 Judaeorum
1377 2368 1415 2435 in
1444 2370 1518 2435 infi-

465 2470 602 2537 delitate
631 2492 824 2557 permanens
856 2471 1027 2537 Christum
1053 2473 1170 2537 mundi
1199 2472 1405 2539 Salvatorom
1430 2472 1516 2538 blas-

465 2573 608 2661 phemat,
647 2578 682 2639 et
720 2570 811 2659 ejus³
848 2575 1032 2660 passionem
1071 2574 1262 2653 subsannat,
1301 2575 1363 2641 sub
1401 2574 1518 2640 mundi

464 2676 668 2763 principibus
699 2675 735 2741 in
764 2676 892 2761 justam
924 2674 1078 2761 poenam⁴
1110 2678 1237 2763 peceati
1267 2678 1319 2743 sui
1349 2677 1517 2743 tenebitur

464 2779 622 2865 eaptivus.
668 2778 864 2864 Debentque
885 2778 1048 2865 principes
1067 2779 1124 2864 qui
1147 2802 1202 2846 eos
1222 2784 1338 2846 tenent
1359 2780 1516 2866 captivos,

464 2900 507 2943 ne
539 2881 729 2945 oeoidantur
761 2879 945 2959 defendere,
983 2885 1019 2945 et
1052 2881 1196 2960 insimul,
1231 2904 1274 2947 ne
1311 2882 1518 2947 Christianos

463 2982 572 3046 usuris
609 2982 806 3067 opprimant,
835 2981 1038 3049 severissime
1072 2982 1291 3069 prohibere⁵3
1335 2989 1370 3049 et
1402 2990 1442 3049 ut
1475 2984 1517 3049 de

463 3082 562 3147 linitis
582 3102 741 3147 manuum
760 3104 895 3148 suarum
914 3083 1084 3150 laboribus
1104 3086 1232 3150 vietum
1250 3085 1315 3150 sibi
1334 3086 1515 3171 acquirant,

463 3183 635 3270 providere
647 3182 669 3249 ⁶.
715 3184 799 3252 Haeo
813 3185 949 3250 autem⁷
966 3186 1089 3251 ultima
1106 3186 1130 3253 J
1131 3187 1302 3253 udaeorum
1322 3188 1512 3273 eaptivitas:

464 3292 499 3351 et
520 3292 634 3351 tamen
652 3306 695 3350 ne
714 3287 751 3350 in
771 3287 834 3352 hae
854 3288 1049 3373 captivitate
1067 3288 1170 3355 oooidi
1191 3289 1342 3368 debeant,
1365 3290 1517 3376 pluribus

464 3388 644 3475 Scripturee
674 3388 752 3454 loeis
789 3389 1015 3476 prophetatur.
1069 3390 1126 3456 Ad
1160 3390 1244 3456 Cain
1280 3413 1424 3477 namque
1458 3392 1516 3477 qui

412 3554 417 3562 ,
462 3490 549 3577 gerit
571 3495 689 3577 typum
721 3490 927 3573 Judaeorum,
951 3514 1026 3557 oum
1056 3491 1227 3559 oeoidisset
1254 3492 1390 3557 fratrem
1419 3514 1516 3558 suum

463 3592 558 3671 Abel,
571 3592 640 3678 ,qui
671 3593 758 3679 gerit
791 3598 911 3679 typum
946 3593 1080 3672 Christi,
1112 3616 1172 3681 pro
1205 3594 1323 3661 mundi
1356 3594 1463 3660 saluta
1494 3616 1518 3660 a

296 3694 448 3749 (tenir-11·
462 3694 591 3761 Judaeis
625 3694 729 3775 oecisi,
754 3694 880 3761 dietum
915 3701 983 3759 est:
1029 3694 1137 3762 Nemo
1166 3695 1281 3783 ipitwr
1311 3695 1516 3763 maledictus

463 3797 531 3863 eris
554 3816 658 3883 super
687 3803 826 3877 warum,
856 3814 933 3883 qooe
961 3797 1100 3883 operuit
1121 3818 1158 3865 oe
1181 3818 1288 3865 auum
1310 3805 1340 3866 et
1368 3799 1517 3888 etweepit

462 3898 671 3985 ammonitem
686 3898 815 3985 fratris
844 3898 903 3965 tusi
933 3899 975 3967 de
1000 3920 1114 3968 uiuae
1136 3907 1223 3969 tue:
1249 3921 1331 3969 mun
1355 3909 1516 3989 operatua

454 4001 572 4089 fueris
593 4020 678 4083 wau,
694 4022 768 4069 uon
782 3998 879 4069 debit
899 4000 965 4070 tibi
980 4000 1122 4088 feudos
1143 4024 1245 4090 auen
1265 4025 1373 4091 oopus
1394 4012 1425 4073 et
1433 4025 1518 4093 peo-

455 4104 567 4192 fupus
582 4102 650 4173 etia
665 4122 768 4191 super
782 4110 920 4173 terruere.
943 4104 1109 4194 Diettqua
1133 4104 1226 4175 Ceio
1246 4105 1295 4175 ad
1308 4106 1513 4191 Demimuu,

828 4346 916 4352 *-
939 4348 948 4352 -
963 4346 985 4352 .-
1013 4347 1508 4359 --..-——-—.-.-——-—..—

496 4503 501 4532 ¹
520 4498 638 4567 aestuem]
652 4492 961 4565 om.c.c.0.‚ox,1)igb.
1046 4502 1057 4530 ⁰
1068 4498 1210 4569 prohibere]
1246 4502 1369 4564 cohibere,
1415 4498 1515 4567 CCC,

493 4583 503 4611 ²
519 4580 583 4647 ejus]
603 4580 686 4644 hujus,
698 4578 788 4631 c.c.0.
1013 4578 1161 4645 01.,1>igb.

492 4659 502 4689 ⁸
518 4658 611 4711 stoc.
624 4658 673 4709 and
686 4658 735 4709 Ox.
747 4658 827 4707 insert
837 4664 867 4707 et.
1046 4659 1056 4687 ⁸
1067 4658 1211 4725 prouidere]
1230 4675 1279 4712 om.
1291 4659 1393 4724 CCC,
1404 4662 1453 4715 Ox.

492 4738 502 4767 ⁴
513 4739 624 4805 ponam]
644 4738 822 4803 poenitentiam,
832 4737 912 4803 Digb.
1046 4743 1056 4771 ⁷
1071 4742 1128 4795 MS.
1141 4742 1223 4795 Oxou.
1235 4742 1281 4795 has
1288 4744 1338 4795 lost
1348 4760 1364 4796 a
1373 4744 1501 4798 leafhere.

1739 4999 1741 5036 l
