<?xml version="1.0" encoding="UTF-8"?>
<!DOCTYPE html PUBLIC "-//W3C//DTD XHTML 1.0 Transitional//EN"
    "http://www.w3.org/TR/xhtml1/DTD/xhtml1-transitional.dtd">
<html xmlns="http://www.w3.org/1999/xhtml" xml:lang="en" lang="en">
 <head>
  <title>
</title>
<meta http-equiv="Content-Type" content="text/html;charset=utf-8" />
  <meta name='ocr-system' content='tesseract 3.04.00' />
  <meta name='ocr-capabilities' content='ocr_page ocr_carea ocr_par ocr_line ocrx_word'/>
</head>
<body>
  <div class='ocr_page' id='page_1' title='image "./robertigrossete00luargoog_0509.png"; bbox 0 0 3500 5784; ppageno 0'>
   <div class='ocr_carea' id='block_1_1' title="bbox 439 842 1170 911">
    <p class='ocr_par' dir='ltr' id='par_1_1' title="bbox 439 842 1170 911">
     <span class='ocr_line' id='line_1_1' title="bbox 439 842 1170 911; baseline 0.004 -2"><span class='ocrx_word' id='word_1_1' title='bbox 439 842 505 909; x_wconf 80' lang='grc'>366</span> <span class='ocrx_word' id='word_1_2' title='bbox 771 862 918 910; x_wconf 78' lang='lat' dir='ltr'>sossnrr</span> <span class='ocrx_word' id='word_1_3' title='bbox 939 857 1170 911; x_wconf 62' lang='lat' dir='ltr'>osomrrnsru</span> 
     </span>
    </p>
   </div>
   <div class='ocr_carea' id='block_1_2' title="bbox 440 1028 1496 1121">
    <p class='ocr_par' dir='ltr' id='par_1_2' title="bbox 440 1028 1496 1121">
     <span class='ocr_line' id='line_1_2' title="bbox 440 1028 1496 1121; baseline 0.002 -28"><span class='ocrx_word' id='word_1_4' title='bbox 440 1028 483 1095; x_wconf 91' lang='lat' dir='ltr'>In</span> <span class='ocrx_word' id='word_1_5' title='bbox 503 1030 692 1117; x_wconf 86' lang='lat' dir='ltr'>hujusmodi</span> <span class='ocrx_word' id='word_1_6' title='bbox 723 1032 830 1121; x_wconf 83' lang='lat' dir='ltr'>igitur</span> <span class='ocrx_word' id='word_1_7' title='bbox 861 1034 1083 1121; x_wconf 67' lang='lat' dir='ltr'>potestatibus</span> <span class='ocrx_word' id='word_1_8' title='bbox 1116 1032 1326 1101; x_wconf 88' lang='lat' dir='ltr'>inferioribus</span> <span class='ocrx_word' id='word_1_9' title='bbox 1359 1030 1496 1119; x_wconf 86' lang='lat' dir='ltr'>suscipi-</span> 
     </span>
    </p>
   </div>
   <div class='ocr_carea' id='block_1_3' title="bbox 440 1134 1497 2558">
    <p class='ocr_par' dir='ltr' id='par_1_3' title="bbox 440 1134 1497 2558">
     <span class='ocr_line' id='line_1_3' title="bbox 440 1134 1497 1223; baseline 0 -24"><span class='ocrx_word' id='word_1_10' title='bbox 440 1134 573 1199; x_wconf 85' lang='lat' dir='ltr'>entibus</span> <span class='ocrx_word' id='word_1_11' title='bbox 609 1134 645 1200; x_wconf 90' lang='lat' dir='ltr'>id</span> <span class='ocrx_word' id='word_1_12' title='bbox 682 1136 858 1221; x_wconf 83' lang='lat' dir='ltr'>potestatis</span> <span class='ocrx_word' id='word_1_13' title='bbox 895 1138 984 1223; x_wconf 91' lang='lat' dir='ltr'>quod</span> <span class='ocrx_word' id='word_1_14' title='bbox 1021 1138 1146 1203; x_wconf 85' lang='lat' dir='ltr'>habent</span> <span class='ocrx_word' id='word_1_15' title='bbox 1181 1159 1250 1202; x_wconf 90' lang='lat' dir='ltr'>non</span> <span class='ocrx_word' id='word_1_16' title='bbox 1283 1158 1304 1201; x_wconf 85' lang='lat' dir='ltr'>a</span> <span class='ocrx_word' id='word_1_17' title='bbox 1334 1134 1497 1223; x_wconf 81' lang='lat' dir='ltr'>superiori</span> 
     </span>
     <span class='ocr_line' id='line_1_4' title="bbox 440 1236 1495 1327; baseline 0.002 -26"><span class='ocrx_word' id='word_1_18' title='bbox 440 1240 605 1323; x_wconf 78' lang='lat' dir='ltr'>potestate</span> <span class='ocrx_word' id='word_1_19' title='bbox 637 1236 840 1318; x_wconf 76' lang='lat' dir='ltr'>immediata,</span> <span class='ocrx_word' id='word_1_20' title='bbox 875 1240 934 1305; x_wconf 88' lang='lat' dir='ltr'>sed</span> <span class='ocrx_word' id='word_1_21' title='bbox 967 1260 988 1305; x_wconf 86' lang='lat' dir='ltr'>a</span> <span class='ocrx_word' id='word_1_22' title='bbox 1021 1240 1175 1318; x_wconf 64' lang='lat' dir='ltr'>mediata,</span> <span class='ocrx_word' id='word_1_23' title='bbox 1211 1242 1321 1327; x_wconf 83' lang='lat' dir='ltr'>potest</span> <span class='ocrx_word' id='word_1_24' title='bbox 1351 1238 1495 1304; x_wconf 78' lang='lat' dir='ltr'>accidere</span> 
     </span>
     <span class='ocr_line' id='line_1_5' title="bbox 440 1338 1493 1429; baseline 0.004 -28"><span class='ocrx_word' id='word_1_25' title='bbox 440 1338 529 1424; x_wconf 88' lang='lat' dir='ltr'>quod</span> <span class='ocrx_word' id='word_1_26' title='bbox 561 1338 687 1425; x_wconf 85' lang='lat' dir='ltr'>aliquid</span> <span class='ocrx_word' id='word_1_27' title='bbox 721 1339 827 1426; x_wconf 88' lang='lat' dir='ltr'>possit</span> <span class='ocrx_word' id='word_1_28' title='bbox 859 1340 918 1406; x_wconf 84' lang='lat' dir='ltr'>illa</span> <span class='ocrx_word' id='word_1_29' title='bbox 951 1346 1098 1429; x_wconf 80' lang='lat' dir='ltr'>potestas</span> <span class='ocrx_word' id='word_1_30' title='bbox 1134 1340 1269 1408; x_wconf 83' lang='lat' dir='ltr'>inferior</span> <span class='ocrx_word' id='word_1_31' title='bbox 1301 1340 1390 1428; x_wconf 91' lang='lat' dir='ltr'>quod</span> <span class='ocrx_word' id='word_1_32' title='bbox 1425 1362 1493 1406; x_wconf 89' lang='lat' dir='ltr'>non</span> 
     </span>
     <span class='ocr_line' id='line_1_6' title="bbox 440 1441 1496 1533; baseline 0.003 -28"><span class='ocrx_word' id='word_1_33' title='bbox 440 1441 544 1531; x_wconf 77' lang='lat' dir='ltr'>possit</span> <span class='ocrx_word' id='word_1_34' title='bbox 576 1442 636 1505; x_wconf 84' lang='lat' dir='ltr'>illc</span> <span class='ocrx_word' id='word_1_35' title='bbox 668 1462 743 1528; x_wconf 73' lang='lat' dir='ltr'>quse</span> <span class='ocrx_word' id='word_1_36' title='bbox 776 1444 841 1509; x_wconf 88' lang='lat' dir='ltr'>sibi</span> <span class='ocrx_word' id='word_1_37' title='bbox 873 1450 925 1509; x_wconf 89' lang='lat' dir='ltr'>est</span> <span class='ocrx_word' id='word_1_38' title='bbox 958 1446 1149 1511; x_wconf 84' lang='lat' dir='ltr'>immediate</span> <span class='ocrx_word' id='word_1_39' title='bbox 1182 1444 1334 1533; x_wconf 85' lang='lat' dir='ltr'>superior.</span> <span class='ocrx_word' id='word_1_40' title='bbox 1381 1442 1496 1509; x_wconf 86' lang='lat' dir='ltr'>Potest</span> 
     </span>
     <span class='ocr_line' id='line_1_7' title="bbox 440 1542 1493 1633; baseline 0.005 -27"><span class='ocrx_word' id='word_1_41' title='bbox 440 1542 529 1607; x_wconf 88' lang='lat' dir='ltr'>enim</span> <span class='ocrx_word' id='word_1_42' title='bbox 552 1542 623 1630; x_wconf 85' lang='lat' dir='ltr'>ipsa</span> <span class='ocrx_word' id='word_1_43' title='bbox 644 1549 793 1631; x_wconf 81' lang='lat' dir='ltr'>potestas</span> <span class='ocrx_word' id='word_1_44' title='bbox 814 1546 964 1633; x_wconf 79' lang='lat' dir='ltr'>superior</span> <span class='ocrx_word' id='word_1_45' title='bbox 986 1546 1132 1613; x_wconf 78' lang='lat' dir='ltr'>mediato</span> <span class='ocrx_word' id='word_1_46' title='bbox 1155 1546 1196 1613; x_wconf 92' lang='lat' dir='ltr'>de</span> <span class='ocrx_word' id='word_1_47' title='bbox 1219 1568 1287 1613; x_wconf 83' lang='lat' dir='ltr'>suae</span> <span class='ocrx_word' id='word_1_48' title='bbox 1316 1548 1493 1633; x_wconf 85' lang='lat' dir='ltr'>potestatis</span> 
     </span>
     <span class='ocr_line' id='line_1_8' title="bbox 441 1644 1491 1737; baseline 0.005 -29"><span class='ocrx_word' id='word_1_49' title='bbox 441 1644 647 1711; x_wconf 79' lang='lat' dir='ltr'>abundantis</span> <span class='ocrx_word' id='word_1_50' title='bbox 679 1647 825 1713; x_wconf 86' lang='lat' dir='ltr'>tribuere</span> <span class='ocrx_word' id='word_1_51' title='bbox 850 1648 1008 1728; x_wconf 87' lang='lat' dir='ltr'>inferiori,</span> <span class='ocrx_word' id='word_1_52' title='bbox 1039 1650 1128 1737; x_wconf 89' lang='lat' dir='ltr'>quod</span> <span class='ocrx_word' id='word_1_53' title='bbox 1161 1672 1229 1715; x_wconf 91' lang='lat' dir='ltr'>non</span> <span class='ocrx_word' id='word_1_54' title='bbox 1264 1648 1381 1715; x_wconf 83' lang='lat' dir='ltr'>tribuit</span> <span class='ocrx_word' id='word_1_55' title='bbox 1405 1648 1491 1733; x_wconf 87' lang='lat' dir='ltr'>ejus-</span> 
     </span>
     <span class='ocr_line' id='line_1_9' title="bbox 441 1748 1492 1840; baseline 0.004 -29"><span class='ocrx_word' id='word_1_56' title='bbox 441 1748 515 1812; x_wconf 91' lang='lat' dir='ltr'>dem</span> <span class='ocrx_word' id='word_1_57' title='bbox 548 1748 712 1814; x_wconf 81' lang='lat' dir='ltr'>inferioris</span> <span class='ocrx_word' id='word_1_58' title='bbox 757 1750 950 1817; x_wconf 79' lang='lat' dir='ltr'>immediato</span> <span class='ocrx_word' id='word_1_59' title='bbox 998 1752 1165 1840; x_wconf 74' lang='lat' dir='ltr'>superiori.</span> <span class='ocrx_word' id='word_1_60' title='bbox 1227 1750 1270 1817; x_wconf 91' lang='lat' dir='ltr'>In</span> <span class='ocrx_word' id='word_1_61' title='bbox 1301 1750 1492 1838; x_wconf 84' lang='lat' dir='ltr'>hujusmodi</span> 
     </span>
     <span class='ocr_line' id='line_1_10' title="bbox 441 1850 1492 1941; baseline 0.005 -28"><span class='ocrx_word' id='word_1_62' title='bbox 441 1850 547 1935; x_wconf 80' lang='lat' dir='ltr'>igitur</span> <span class='ocrx_word' id='word_1_63' title='bbox 574 1873 641 1916; x_wconf 89' lang='lat' dir='ltr'>non</span> <span class='ocrx_word' id='word_1_64' title='bbox 664 1860 716 1918; x_wconf 89' lang='lat' dir='ltr'>est</span> <span class='ocrx_word' id='word_1_65' title='bbox 743 1852 908 1919; x_wconf 83' lang='lat' dir='ltr'>instantis</span> <span class='ocrx_word' id='word_1_66' title='bbox 941 1860 1055 1920; x_wconf 85' lang='lat' dir='ltr'>contra</span> <span class='ocrx_word' id='word_1_67' title='bbox 1087 1854 1123 1919; x_wconf 92' lang='lat' dir='ltr'>id</span> <span class='ocrx_word' id='word_1_68' title='bbox 1153 1854 1245 1941; x_wconf 91' lang='lat' dir='ltr'>quod</span> <span class='ocrx_word' id='word_1_69' title='bbox 1267 1854 1492 1941; x_wconf 86' lang='lat' dir='ltr'>supradictum</span> 
     </span>
     <span class='ocr_line' id='line_1_11' title="bbox 442 1954 1490 2045; baseline 0.002 -26"><span class='ocrx_word' id='word_1_70' title='bbox 442 1959 500 2030; x_wconf 87' lang='lat' dir='ltr'>eet,</span> <span class='ocrx_word' id='word_1_71' title='bbox 536 1954 697 2033; x_wconf 78' lang='lat' dir='ltr'>videlicet</span> <span class='ocrx_word' id='word_1_72' title='bbox 736 1956 824 2042; x_wconf 89' lang='lat' dir='ltr'>quod</span> <span class='ocrx_word' id='word_1_73' title='bbox 853 1956 1010 2042; x_wconf 89' lang='lat' dir='ltr'>quioquid</span> <span class='ocrx_word' id='word_1_74' title='bbox 1041 1962 1150 2045; x_wconf 90' lang='lat' dir='ltr'>potest</span> <span class='ocrx_word' id='word_1_75' title='bbox 1172 1962 1322 2044; x_wconf 84' lang='lat' dir='ltr'>potestas</span> <span class='ocrx_word' id='word_1_76' title='bbox 1347 1956 1490 2036; x_wconf 88' lang='lat' dir='ltr'>inferior,</span> 
     </span>
     <span class='ocr_line' id='line_1_12' title="bbox 441 2058 1490 2146; baseline 0.004 -25"><span class='ocrx_word' id='word_1_77' title='bbox 441 2061 551 2143; x_wconf 86' lang='lat' dir='ltr'>potest</span> <span class='ocrx_word' id='word_1_78' title='bbox 598 2060 756 2145; x_wconf 72' lang='lat' dir='ltr'><strong>superior,</strong></span> <span class='ocrx_word' id='word_1_79' title='bbox 800 2059 859 2124; x_wconf 89' lang='lat' dir='ltr'>sed</span> <span class='ocrx_word' id='word_1_80' title='bbox 904 2080 972 2125; x_wconf 89' lang='lat' dir='ltr'>non</span> <span class='ocrx_word' id='word_1_81' title='bbox 1021 2060 1234 2126; x_wconf 80' lang='lat' dir='ltr'>convertitur.</span> <span class='ocrx_word' id='word_1_82' title='bbox 1294 2058 1490 2146; x_wconf 85' lang='lat' dir='ltr'>Intelligen-</span> 
     </span>
     <span class='ocr_line' id='line_1_13' title="bbox 442 2158 1493 2249; baseline 0.005 -27"><span class='ocrx_word' id='word_1_83' title='bbox 442 2158 522 2223; x_wconf 89' lang='lat' dir='ltr'>dum</span> <span class='ocrx_word' id='word_1_84' title='bbox 565 2164 617 2224; x_wconf 90' lang='lat' dir='ltr'>est</span> <span class='ocrx_word' id='word_1_85' title='bbox 664 2162 753 2225; x_wconf 87' lang='lat' dir='ltr'>enim</span> <span class='ocrx_word' id='word_1_86' title='bbox 800 2160 863 2227; x_wconf 89' lang='lat' dir='ltr'>hoc</span> <span class='ocrx_word' id='word_1_87' title='bbox 908 2160 949 2228; x_wconf 93' lang='lat' dir='ltr'>de</span> <span class='ocrx_word' id='word_1_88' title='bbox 998 2160 1082 2227; x_wconf 85' lang='lat' dir='ltr'>ille¹</span> <span class='ocrx_word' id='word_1_89' title='bbox 1122 2166 1287 2249; x_wconf 84' lang='lat' dir='ltr'>potestate</span> <span class='ocrx_word' id='word_1_90' title='bbox 1331 2160 1493 2248; x_wconf 84' lang='lat' dir='ltr'>superiori</span> 
     </span>
     <span class='ocr_line' id='line_1_14' title="bbox 441 2262 1492 2351; baseline 0.005 -27"><span class='ocrx_word' id='word_1_91' title='bbox 441 2266 591 2347; x_wconf 86' lang='lat' dir='ltr'>respectu</span> <span class='ocrx_word' id='word_1_92' title='bbox 620 2284 688 2329; x_wconf 84' lang='lat' dir='ltr'>suae</span> <span class='ocrx_word' id='word_1_93' title='bbox 718 2264 882 2329; x_wconf 85' lang='lat' dir='ltr'>inferioris</span> <span class='ocrx_word' id='word_1_94' title='bbox 908 2285 983 2351; x_wconf 83' lang='lat' dir='ltr'>quae</span> <span class='ocrx_word' id='word_1_95' title='bbox 1013 2264 1160 2331; x_wconf 87' lang='lat' dir='ltr'>inferiori</span> <span class='ocrx_word' id='word_1_96' title='bbox 1189 2262 1310 2331; x_wconf 90' lang='lat' dir='ltr'>tribuit</span> <span class='ocrx_word' id='word_1_97' title='bbox 1338 2266 1373 2329; x_wconf 94' lang='lat' dir='ltr'>id</span> <span class='ocrx_word' id='word_1_98' title='bbox 1402 2264 1492 2351; x_wconf 91' lang='lat' dir='ltr'>quod</span> 
     </span>
     <span class='ocr_line' id='line_1_15' title="bbox 441 2362 1493 2455; baseline 0.005 -28"><span class='ocrx_word' id='word_1_99' title='bbox 441 2362 541 2428; x_wconf 89' lang='lat' dir='ltr'>habet</span> <span class='ocrx_word' id='word_1_100' title='bbox 562 2366 744 2451; x_wconf 72' lang='lat' dir='ltr'>potestatis</span> <span class='ocrx_word' id='word_1_101' title='bbox 791 2366 930 2454; x_wconf 88' lang='lat' dir='ltr'>Propter</span> <span class='ocrx_word' id='word_1_102' title='bbox 961 2367 1023 2435; x_wconf 90' lang='lat' dir='ltr'>hoc</span> <span class='ocrx_word' id='word_1_103' title='bbox 1061 2364 1163 2454; x_wconf 89' lang='lat' dir='ltr'>aliqui</span> <span class='ocrx_word' id='word_1_104' title='bbox 1199 2366 1300 2433; x_wconf 83' lang='lat' dir='ltr'>etiem</span> <span class='ocrx_word' id='word_1_105' title='bbox 1334 2368 1493 2455; x_wconf 87' lang='lat' dir='ltr'>episcopis</span> 
     </span>
     <span class='ocr_line' id='line_1_16' title="bbox 441 2466 1494 2558; baseline 0.005 -28"><span class='ocrx_word' id='word_1_106' title='bbox 441 2466 565 2533; x_wconf 89' lang='lat' dir='ltr'>subditi</span> <span class='ocrx_word' id='word_1_107' title='bbox 611 2477 750 2555; x_wconf 89' lang='lat' dir='ltr'>possunt</span> <span class='ocrx_word' id='word_1_108' title='bbox 788 2472 878 2556; x_wconf 90' lang='lat' dir='ltr'>quod</span> <span class='ocrx_word' id='word_1_109' title='bbox 900 2492 968 2536; x_wconf 89' lang='lat' dir='ltr'>non</span> <span class='ocrx_word' id='word_1_110' title='bbox 1001 2475 1141 2558; x_wconf 88' lang='lat' dir='ltr'>possunt</span> <span class='ocrx_word' id='word_1_111' title='bbox 1178 2468 1328 2557; x_wconf 79' lang='lat' dir='ltr'>episcopi,</span> <span class='ocrx_word' id='word_1_112' title='bbox 1374 2474 1494 2557; x_wconf 91' lang='lat' dir='ltr'>utpote</span> 
     </span>
    </p>
   </div>
   <div class='ocr_carea' id='block_1_4' title="bbox 271 2570 1494 2777">
    <p class='ocr_par' dir='ltr' id='par_1_4' title="bbox 271 2570 1494 2777">
     <span class='ocr_line' id='line_1_17' title="bbox 271 2570 1494 2660; baseline -0.01 -20"><span class='ocrx_word' id='word_1_113' title='bbox 271 2573 550 2655; x_wconf 76' lang='lat' dir='ltr'>oratbsuotpatres</span> <span class='ocrx_word' id='word_1_114' title='bbox 572 2570 710 2637; x_wconf 79' lang='lat' dir='ltr'>abbates</span> <span class='ocrx_word' id='word_1_115' title='bbox 732 2572 957 2639; x_wconf 78' lang='lat' dir='ltr'>Cisterciensis</span> <span class='ocrx_word' id='word_1_116' title='bbox 979 2572 1103 2639; x_wconf 83' lang='lat' dir='ltr'>ordinis</span> <span class='ocrx_word' id='word_1_117' title='bbox 1135 2575 1271 2660; x_wconf 88' lang='lat' dir='ltr'>possunt</span> <span class='ocrx_word' id='word_1_118' title='bbox 1302 2594 1376 2637; x_wconf 78' lang='lat' dir='ltr'>suas</span> <span class='ocrx_word' id='word_1_119' title='bbox 1406 2570 1494 2637; x_wconf 73' lang='lat' dir='ltr'>filias</span> 
     </span>
     <span class='ocr_line' id='line_1_18' title="bbox 271 2658 1492 2777; baseline -0.011 -36"><span class='ocrx_word' id='word_1_120' title='bbox 271 2658 413 2777; x_wconf 55' lang='lat' dir='ltr'>{mim</span> <span class='ocrx_word' id='word_1_121' title='bbox 440 2670 554 2737; x_wconf 84' lang='lat' dir='ltr'>domos</span> <span class='ocrx_word' id='word_1_122' title='bbox 575 2672 719 2753; x_wconf 70' lang='lat' dir='ltr'>visitare</span> <span class='ocrx_word' id='word_1_123' title='bbox 744 2676 834 2761; x_wconf 87' lang='lat' dir='ltr'>quod</span> <span class='ocrx_word' id='word_1_124' title='bbox 855 2680 969 2741; x_wconf 82' lang='lat' dir='ltr'>temen</span> <span class='ocrx_word' id='word_1_125' title='bbox 998 2696 1066 2741; x_wconf 87' lang='lat' dir='ltr'>non</span> <span class='ocrx_word' id='word_1_126' title='bbox 1088 2680 1224 2762; x_wconf 79' lang='lat' dir='ltr'>possunt</span> <span class='ocrx_word' id='word_1_127' title='bbox 1246 2672 1394 2761; x_wconf 88' lang='lat' dir='ltr'>episcopi,</span> <span class='ocrx_word' id='word_1_128' title='bbox 1418 2676 1492 2761; x_wconf 78' lang='lat' dir='ltr'>qui.</span> 
     </span>
    </p>
   </div>
   <div class='ocr_carea' id='block_1_5' title="bbox 270 2993 416 3044">
    <p class='ocr_par' dir='ltr' id='par_1_5' title="bbox 270 2993 416 3044">
     <span class='ocr_line' id='line_1_19' title="bbox 270 2993 416 3044; baseline 0 -1"><span class='ocrx_word' id='word_1_129' title='bbox 270 2993 323 3044; x_wconf 82' lang='lat' dir='ltr'>But</span> <span class='ocrx_word' id='word_1_130' title='bbox 332 2994 383 3044; x_wconf 85' lang='lat' dir='ltr'>this</span> <span class='ocrx_word' id='word_1_131' title='bbox 393 2994 416 3043; x_wconf 91' lang='lat' dir='ltr'>is</span> 
     </span>
    </p>
   </div>
   <div class='ocr_carea' id='block_1_6' title="bbox 207 3062 404 3325">
    <p class='ocr_par' dir='ltr' id='par_1_6' title="bbox 207 3062 404 3325">
     <span class='ocr_line' id='line_1_20' title="bbox 271 3062 394 3124; baseline 0.008 -14"><span class='ocrx_word' id='word_1_132' title='bbox 271 3076 287 3110; x_wconf 80' lang='lat' dir='ltr'>s</span> <span class='ocrx_word' id='word_1_133' title='bbox 301 3062 394 3124; x_wconf 82' lang='lat' dir='ltr'>special</span> 
     </span>
     <span class='ocr_line' id='line_1_21' title="bbox 207 3124 393 3191; baseline 0.011 -16"><span class='ocrx_word' id='word_1_134' title='bbox 207 3124 212 3133; x_wconf 86' lang='lat'>&#39;</span> <span class='ocrx_word' id='word_1_135' title='bbox 270 3128 393 3191; x_wconf 76' lang='lat' dir='ltr'>privilege</span> 
     </span>
     <span class='ocr_line' id='line_1_22' title="bbox 270 3193 393 3259; baseline 0.008 -18"><span class='ocrx_word' id='word_1_136' title='bbox 270 3193 347 3257; x_wconf 77' lang='lat' dir='ltr'>given</span> <span class='ocrx_word' id='word_1_137' title='bbox 358 3194 393 3259; x_wconf 84' lang='lat' dir='ltr'>by</span> 
     </span>
     <span class='ocr_line' id='line_1_23' title="bbox 270 3260 404 3325; baseline 0.022 -14"><span class='ocrx_word' id='word_1_138' title='bbox 270 3260 314 3311; x_wconf 86' lang='lat' dir='ltr'>the</span> <span class='ocrx_word' id='word_1_139' title='bbox 326 3260 404 3325; x_wconf 79' lang='lat' dir='ltr'>Pope.</span> 
     </span>
    </p>
   </div>
   <div class='ocr_carea' id='block_1_7' title="bbox 436 2774 1494 4509">
    <p class='ocr_par' dir='ltr' id='par_1_7' title="bbox 436 2774 1494 4509">
     <span class='ocr_line' id='line_1_24' title="bbox 439 2774 1493 2865; baseline 0.004 -26"><span class='ocrx_word' id='word_1_140' title='bbox 439 2774 502 2841; x_wconf 87' lang='lat' dir='ltr'>bus</span> <span class='ocrx_word' id='word_1_141' title='bbox 537 2776 588 2840; x_wconf 90' lang='lat' dir='ltr'>illi</span> <span class='ocrx_word' id='word_1_142' title='bbox 625 2775 763 2843; x_wconf 82' lang='lat' dir='ltr'>abbates</span> <span class='ocrx_word' id='word_1_143' title='bbox 795 2784 875 2843; x_wconf 87' lang='lat' dir='ltr'>sunt</span> <span class='ocrx_word' id='word_1_144' title='bbox 906 2778 1040 2856; x_wconf 75' lang='lat' dir='ltr'>subditi,</span> <span class='ocrx_word' id='word_1_145' title='bbox 1064 2782 1181 2865; x_wconf 86' lang='lat' dir='ltr'>utpote</span> <span class='ocrx_word' id='word_1_146' title='bbox 1208 2778 1328 2863; x_wconf 84' lang='lat' dir='ltr'>quibus</span> <span class='ocrx_word' id='word_1_147' title='bbox 1360 2778 1396 2843; x_wconf 92' lang='lat' dir='ltr'>in</span> <span class='ocrx_word' id='word_1_148' title='bbox 1430 2800 1493 2843; x_wconf 83' lang='lat' dir='ltr'>sua</span> 
     </span>
     <span class='ocr_line' id='line_1_25' title="bbox 437 2878 1494 2967; baseline 0.002 -24"><span class='ocrx_word' id='word_1_149' title='bbox 437 2878 665 2946; x_wconf 88' lang='lat' dir='ltr'>benedictione</span> <span class='ocrx_word' id='word_1_150' title='bbox 698 2881 901 2967; x_wconf 88' lang='lat' dir='ltr'>promittunt</span> <span class='ocrx_word' id='word_1_151' title='bbox 934 2880 1122 2946; x_wconf 81' lang='lat' dir='ltr'>canonicam</span> <span class='ocrx_word' id='word_1_152' title='bbox 1154 2878 1376 2945; x_wconf 82' lang='lat' dir='ltr'>obedientiam</span> <span class='ocrx_word' id='word_1_153' title='bbox 1399 2880 1494 2945; x_wconf 80' lang='lat' dir='ltr'>selvo</span> 
     </span>
     <span class='ocr_line' id='line_1_26' title="bbox 440 2977 1492 3049; baseline 0.002 -3"><span class='ocrx_word' id='word_1_154' title='bbox 440 2980 553 3047; x_wconf 89' lang='lat' dir='ltr'>ordine</span> <span class='ocrx_word' id='word_1_155' title='bbox 590 3003 657 3048; x_wconf 88' lang='lat' dir='ltr'>suo.</span> <span class='ocrx_word' id='word_1_156' title='bbox 719 2982 867 3048; x_wconf 79' lang='lat' dir='ltr'>Indulsit</span> <span class='ocrx_word' id='word_1_157' title='bbox 904 2984 993 3048; x_wconf 87' lang='lat' dir='ltr'>enim</span> <span class='ocrx_word' id='word_1_158' title='bbox 1030 2982 1092 3048; x_wconf 88' lang='lat' dir='ltr'>hoo</span> <span class='ocrx_word' id='word_1_159' title='bbox 1129 2982 1236 3048; x_wconf 91' lang='lat' dir='ltr'>ordini</span> <span class='ocrx_word' id='word_1_160' title='bbox 1283 2977 1492 3049; x_wconf 79' lang='lat' dir='ltr'>Cisterciensi</span> 
     </span>
     <span class='ocr_line' id='line_1_27' title="bbox 439 3084 1490 3173; baseline 0.001 -24"><span class='ocrx_word' id='word_1_161' title='bbox 439 3086 585 3171; x_wconf 75' lang='lat' dir='ltr'>poissins</span> <span class='ocrx_word' id='word_1_162' title='bbox 629 3086 777 3172; x_wconf 79' lang='lat' dir='ltr'>superior</span> <span class='ocrx_word' id='word_1_163' title='bbox 814 3084 980 3173; x_wconf 90' lang='lat' dir='ltr'>episcopis,</span> <span class='ocrx_word' id='word_1_164' title='bbox 1026 3084 1148 3151; x_wconf 87' lang='lat' dir='ltr'>scilicet</span> <span class='ocrx_word' id='word_1_165' title='bbox 1201 3084 1353 3151; x_wconf 87' lang='lat' dir='ltr'>dominus</span> <span class='ocrx_word' id='word_1_166' title='bbox 1391 3084 1490 3173; x_wconf 83' lang='lat' dir='ltr'>Papa,</span> 
     </span>
     <span class='ocr_line' id='line_1_28' title="bbox 439 3184 1493 3275; baseline 0.004 -24"><span class='ocrx_word' id='word_1_167' title='bbox 439 3188 497 3273; x_wconf 91' lang='lat' dir='ltr'>qui</span> <span class='ocrx_word' id='word_1_168' title='bbox 518 3208 594 3251; x_wconf 88' lang='lat' dir='ltr'>cum</span> <span class='ocrx_word' id='word_1_169' title='bbox 616 3187 663 3252; x_wconf 88' lang='lat' dir='ltr'>eis</span> <span class='ocrx_word' id='word_1_170' title='bbox 684 3188 746 3253; x_wconf 93' lang='lat' dir='ltr'>hoc</span> <span class='ocrx_word' id='word_1_171' title='bbox 768 3186 890 3255; x_wconf 81' lang='lat' dir='ltr'>tribuit</span> <span class='ocrx_word' id='word_1_172' title='bbox 913 3211 946 3253; x_wconf 89' lang='lat' dir='ltr'>se</span> <span class='ocrx_word' id='word_1_173' title='bbox 969 3188 1076 3275; x_wconf 85' lang='lat' dir='ltr'>ipsum</span> <span class='ocrx_word' id='word_1_174' title='bbox 1100 3184 1219 3254; x_wconf 80' lang='lat' dir='ltr'>abhoc</span> <span class='ocrx_word' id='word_1_175' title='bbox 1240 3210 1309 3254; x_wconf 91' lang='lat' dir='ltr'>non</span> <span class='ocrx_word' id='word_1_176' title='bbox 1331 3190 1493 3270; x_wconf 82' lang='lat' dir='ltr'>exclusit3</span> 
     </span>
     <span class='ocr_line' id='line_1_29' title="bbox 436 3289 1491 3380; baseline 0.003 -25"><span class='ocrx_word' id='word_1_177' title='bbox 436 3294 547 3377; x_wconf 87' lang='lat' dir='ltr'>potest</span> <span class='ocrx_word' id='word_1_178' title='bbox 584 3290 673 3356; x_wconf 91' lang='lat' dir='ltr'>enim</span> <span class='ocrx_word' id='word_1_179' title='bbox 710 3290 780 3377; x_wconf 86' lang='lat' dir='ltr'>ipse</span> <span class='ocrx_word' id='word_1_180' title='bbox 816 3292 1015 3357; x_wconf 79' lang='lat' dir='ltr'>monasterie</span> <span class='ocrx_word' id='word_1_181' title='bbox 1047 3290 1160 3357; x_wconf 83' lang='lat' dir='ltr'>omnia</span> <span class='ocrx_word' id='word_1_182' title='bbox 1181 3290 1324 3357; x_wconf 85' lang='lat' dir='ltr'>visitare.</span> <span class='ocrx_word' id='word_1_183' title='bbox 1370 3289 1491 3380; x_wconf 84' lang='lat' dir='ltr'>Igitur,</span> 
     </span>
     <span class='ocr_line' id='line_1_30' title="bbox 437 3392 1490 3481; baseline 0.002 -24"><span class='ocrx_word' id='word_1_184' title='bbox 437 3392 615 3458; x_wconf 88' lang='lat' dir='ltr'>secundum</span> <span class='ocrx_word' id='word_1_185' title='bbox 649 3392 914 3479; x_wconf 87' lang='lat' dir='ltr'>consequentiam</span> <span class='ocrx_word' id='word_1_186' title='bbox 959 3392 1198 3480; x_wconf 72' lang='lat' dir='ltr'>praedictorum,</span> <span class='ocrx_word' id='word_1_187' title='bbox 1245 3394 1412 3481; x_wconf 85' lang='lat' dir='ltr'>episcopus</span> <span class='ocrx_word' id='word_1_188' title='bbox 1455 3394 1490 3459; x_wconf 92' lang='lat' dir='ltr'>in</span> 
     </span>
     <span class='ocr_line' id='line_1_31' title="bbox 437 3496 1491 3583; baseline 0.001 -22"><span class='ocrx_word' id='word_1_189' title='bbox 437 3516 548 3561; x_wconf 78' lang='lat' dir='ltr'>omnes</span> <span class='ocrx_word' id='word_1_190' title='bbox 580 3496 656 3581; x_wconf 87' lang='lat' dir='ltr'>jure</span> <span class='ocrx_word' id='word_1_191' title='bbox 688 3496 870 3562; x_wconf 81' lang='lat' dir='ltr'>dioeoesano</span> <span class='ocrx_word' id='word_1_192' title='bbox 898 3496 961 3561; x_wconf 85' lang='lat' dir='ltr'>sibi</span> <span class='ocrx_word' id='word_1_193' title='bbox 996 3496 1158 3582; x_wconf 88' lang='lat' dir='ltr'>subjectos</span> <span class='ocrx_word' id='word_1_194' title='bbox 1191 3498 1300 3583; x_wconf 87' lang='lat' dir='ltr'>potest</span> <span class='ocrx_word' id='word_1_195' title='bbox 1334 3503 1369 3561; x_wconf 88' lang='lat' dir='ltr'>ct</span> <span class='ocrx_word' id='word_1_196' title='bbox 1391 3496 1491 3563; x_wconf 88' lang='lat' dir='ltr'>debet</span> 
     </span>
     <span class='ocr_line' id='line_1_32' title="bbox 437 3598 1490 3687; baseline 0.003 -25"><span class='ocrx_word' id='word_1_197' title='bbox 437 3619 587 3664; x_wconf 86' lang='lat' dir='ltr'>exercere</span> <span class='ocrx_word' id='word_1_198' title='bbox 607 3598 809 3664; x_wconf 80' lang='lat' dir='ltr'>visitationis</span> <span class='ocrx_word' id='word_1_199' title='bbox 831 3598 982 3678; x_wconf 86' lang='lat' dir='ltr'>officium,</span> <span class='ocrx_word' id='word_1_200' title='bbox 1006 3598 1216 3683; x_wconf 87' lang='lat' dir='ltr'>omniumque</span> <span class='ocrx_word' id='word_1_201' title='bbox 1242 3598 1432 3687; x_wconf 86' lang='lat' dir='ltr'>corrigenda</span> <span class='ocrx_word' id='word_1_202' title='bbox 1455 3602 1490 3665; x_wconf 87' lang='lat' dir='ltr'>et</span> 
     </span>
     <span class='ocr_line' id='line_1_33' title="bbox 437 3698 1490 3789; baseline 0.002 -23"><span class='ocrx_word' id='word_1_203' title='bbox 437 3700 646 3766; x_wconf 80' lang='lat' dir='ltr'>reformanda</span> <span class='ocrx_word' id='word_1_204' title='bbox 667 3700 827 3789; x_wconf 79' lang='lat' dir='ltr'>corrigere</span> <span class='ocrx_word' id='word_1_205' title='bbox 859 3706 895 3766; x_wconf 85' lang='lat' dir='ltr'>et</span> <span class='ocrx_word' id='word_1_206' title='bbox 927 3698 1111 3781; x_wconf 80' lang='lat' dir='ltr'>reformare,</span> <span class='ocrx_word' id='word_1_207' title='bbox 1136 3702 1345 3787; x_wconf 89' lang='lat' dir='ltr'>omniumque</span> <span class='ocrx_word' id='word_1_208' title='bbox 1377 3724 1490 3768; x_wconf 67' lang='lat' dir='ltr'>cauma</span> 
     </span>
     <span class='ocr_line' id='line_1_34' title="bbox 438 3802 1491 3890; baseline 0.002 -21"><span class='ocrx_word' id='word_1_209' title='bbox 438 3826 550 3870; x_wconf 88' lang='lat' dir='ltr'>omnes</span> <span class='ocrx_word' id='word_1_210' title='bbox 582 3807 692 3889; x_wconf 89' lang='lat' dir='ltr'>potest</span> <span class='ocrx_word' id='word_1_211' title='bbox 725 3804 766 3869; x_wconf 90' lang='lat' dir='ltr'>de</span> <span class='ocrx_word' id='word_1_212' title='bbox 799 3826 858 3869; x_wconf 87' lang='lat' dir='ltr'>sua</span> <span class='ocrx_word' id='word_1_213' title='bbox 891 3806 1053 3890; x_wconf 82' lang='lat' dir='ltr'>potestate</span> <span class='ocrx_word' id='word_1_214' title='bbox 1087 3802 1276 3883; x_wconf 79' lang='lat' dir='ltr'>discindere,</span> <span class='ocrx_word' id='word_1_215' title='bbox 1299 3802 1376 3871; x_wconf 92' lang='lat' dir='ltr'>licet</span> <span class='ocrx_word' id='word_1_216' title='bbox 1405 3804 1491 3871; x_wconf 83' lang='lat' dir='ltr'>forte</span> 
     </span>
     <span class='ocr_line' id='line_1_35' title="bbox 437 3904 1488 3992; baseline 0.001 -21"><span class='ocrx_word' id='word_1_217' title='bbox 437 3908 558 3973; x_wconf 83' lang='lat' dir='ltr'>adeas</span> <span class='ocrx_word' id='word_1_218' title='bbox 588 3928 700 3972; x_wconf 88' lang='lat' dir='ltr'>omnes</span> <span class='ocrx_word' id='word_1_219' title='bbox 734 3904 969 3972; x_wconf 87' lang='lat' dir='ltr'>descindendas</span> <span class='ocrx_word' id='word_1_220' title='bbox 999 3926 1067 3969; x_wconf 91' lang='lat' dir='ltr'>non</span> <span class='ocrx_word' id='word_1_221' title='bbox 1100 3904 1204 3992; x_wconf 87' lang='lat' dir='ltr'>possit</span> <span class='ocrx_word' id='word_1_222' title='bbox 1227 3906 1314 3971; x_wconf 85' lang='lat' dir='ltr'>solus</span> <span class='ocrx_word' id='word_1_223' title='bbox 1335 3904 1488 3973; x_wconf 88' lang='lat' dir='ltr'>sufficere.</span> 
     </span>
     <span class='ocr_line' id='line_1_36' title="bbox 438 4006 1489 4097; baseline 0.001 -22"><span class='ocrx_word' id='word_1_224' title='bbox 438 4008 582 4097; x_wconf 89' lang='lat' dir='ltr'>Ideoque</span> <span class='ocrx_word' id='word_1_225' title='bbox 619 4008 740 4074; x_wconf 84' lang='lat' dir='ltr'>habeat</span> <span class='ocrx_word' id='word_1_226' title='bbox 777 4008 818 4074; x_wconf 89' lang='lat' dir='ltr'>de</span> <span class='ocrx_word' id='word_1_227' title='bbox 862 4031 921 4073; x_wconf 80' lang='lat' dir='ltr'>sue</span> <span class='ocrx_word' id='word_1_228' title='bbox 964 4011 1127 4095; x_wconf 78' lang='lat' dir='ltr'>potestate</span> <span class='ocrx_word' id='word_1_229' title='bbox 1169 4006 1402 4095; x_wconf 73' lang='lat' dir='ltr'>participantes</span> <span class='ocrx_word' id='word_1_230' title='bbox 1435 4030 1489 4076; x_wconf 91' lang='lat' dir='ltr'>co·</span> 
     </span>
     <span class='ocr_line' id='line_1_37' title="bbox 437 4108 1490 4199; baseline 0.001 -21"><span class='ocrx_word' id='word_1_231' title='bbox 437 4112 606 4199; x_wconf 85' lang='lat' dir='ltr'>adjutores</span> <span class='ocrx_word' id='word_1_232' title='bbox 637 4112 674 4177; x_wconf 91' lang='lat' dir='ltr'>in</span> <span class='ocrx_word' id='word_1_233' title='bbox 704 4112 929 4198; x_wconf 74' lang='lat' dir='ltr'>supportando</span> <span class='ocrx_word' id='word_1_234' title='bbox 961 4108 1022 4176; x_wconf 87' lang='lat' dir='ltr'>hoo</span> <span class='ocrx_word' id='word_1_235' title='bbox 1056 4131 1162 4191; x_wconf 89' lang='lat' dir='ltr'>onere,</span> <span class='ocrx_word' id='word_1_236' title='bbox 1197 4110 1253 4196; x_wconf 92' lang='lat' dir='ltr'>qui</span> <span class='ocrx_word' id='word_1_237' title='bbox 1276 4110 1402 4198; x_wconf 82' lang='lat' dir='ltr'>majora</span> <span class='ocrx_word' id='word_1_238' title='bbox 1431 4112 1490 4180; x_wconf 75' lang='lat' dir='ltr'>et&#39;</span> 
     </span>
     <span class='ocr_line' id='line_1_38' title="bbox 437 4214 1488 4304; baseline 0 -23"><span class='ocrx_word' id='word_1_239' title='bbox 437 4216 590 4304; x_wconf 81' lang='lat' dir='ltr'>graviora</span> <span class='ocrx_word' id='word_1_240' title='bbox 632 4214 742 4279; x_wconf 86' lang='lat' dir='ltr'>omnia</span> <span class='ocrx_word' id='word_1_241' title='bbox 772 4218 807 4279; x_wconf 90' lang='lat' dir='ltr'>et</span> <span class='ocrx_word' id='word_1_242' title='bbox 839 4214 1096 4279; x_wconf 77' lang='lat' dir='ltr'>universitatum</span> <span class='ocrx_word' id='word_1_243' title='bbox 1128 4215 1262 4300; x_wconf 85' lang='lat' dir='ltr'>negotia</span> <span class='ocrx_word' id='word_1_244' title='bbox 1292 4214 1414 4281; x_wconf 87' lang='lat' dir='ltr'>debent</span> <span class='ocrx_word' id='word_1_245' title='bbox 1444 4218 1488 4281; x_wconf 87' lang='lat' dir='ltr'>ad</span> 
     </span>
     <span class='ocr_line' id='line_1_39' title="bbox 436 4315 1490 4405; baseline 0.002 -22"><span class='ocrx_word' id='word_1_246' title='bbox 436 4320 545 4405; x_wconf 87' lang='lat' dir='ltr'>ipsum</span> <span class='ocrx_word' id='word_1_247' title='bbox 566 4318 686 4385; x_wconf 82' lang='lat' dir='ltr'>referre</span> <span class='ocrx_word' id='word_1_248' title='bbox 697 4342 706 4399; x_wconf 91' lang='lat'>;</span> <span class='ocrx_word' id='word_1_249' title='bbox 724 4316 788 4383; x_wconf 89' lang='lat' dir='ltr'>nisi</span> <span class='ocrx_word' id='word_1_250' title='bbox 802 4317 887 4383; x_wconf 88' lang='lat' dir='ltr'>forte</span> <span class='ocrx_word' id='word_1_251' title='bbox 908 4315 1033 4384; x_wconf 84' lang='lat' dir='ltr'>fuerint</span> <span class='ocrx_word' id='word_1_252' title='bbox 1055 4316 1116 4382; x_wconf 91' lang='lat' dir='ltr'>sub</span> <span class='ocrx_word' id='word_1_253' title='bbox 1138 4317 1287 4404; x_wconf 86' lang='lat' dir='ltr'>episcopo</span> <span class='ocrx_word' id='word_1_254' title='bbox 1308 4323 1490 4405; x_wconf 84' lang='lat' dir='ltr'>potestates</span> 
     </span>
     <span class='ocr_line' id='line_1_40' title="bbox 437 4418 1489 4509; baseline 0.001 -22"><span class='ocrx_word' id='word_1_255' title='bbox 437 4422 556 4509; x_wconf 85' lang='lat' dir='ltr'>aliquae</span> <span class='ocrx_word' id='word_1_256' title='bbox 587 4442 608 4486; x_wconf 87' lang='lat' dir='ltr'>a</span> <span class='ocrx_word' id='word_1_257' title='bbox 641 4418 800 4508; x_wconf 91' lang='lat' dir='ltr'>superiori</span> <span class='ocrx_word' id='word_1_258' title='bbox 832 4422 996 4507; x_wconf 83' lang='lat' dir='ltr'>potestate</span> <span class='ocrx_word' id='word_1_259' title='bbox 1019 4438 1117 4505; x_wconf 88' lang='lat' dir='ltr'>quam</span> <span class='ocrx_word' id='word_1_260' title='bbox 1148 4418 1213 4484; x_wconf 78' lang='lat' dir='ltr'>sit³</span> <span class='ocrx_word' id='word_1_261' title='bbox 1243 4418 1419 4509; x_wconf 86' lang='lat' dir='ltr'>episcopus,</span> <span class='ocrx_word' id='word_1_262' title='bbox 1450 4420 1489 4489; x_wconf 90' lang='lat' dir='ltr'>id</span> 
     </span>
    </p>
   </div>
   <div class='ocr_carea' id='block_1_8' title="bbox 469 4658 1279 4813">
    <p class='ocr_par' dir='ltr' id='par_1_8' title="bbox 469 4658 1279 4813">
     <span class='ocr_line' id='line_1_41' title="bbox 470 4658 1279 4732; baseline -0.001 -16"><span class='ocrx_word' id='word_1_263' title='bbox 470 4664 553 4732; x_wconf 82' lang='lat' dir='ltr'>¹illc]</span> <span class='ocrx_word' id='word_1_264' title='bbox 572 4680 621 4716; x_wconf 90' lang='lat' dir='ltr'>om.</span> <span class='ocrx_word' id='word_1_265' title='bbox 632 4662 703 4715; x_wconf 80' lang='lat' dir='ltr'>&#39;Irin</span> <span class='ocrx_word' id='word_1_266' title='bbox 716 4663 767 4716; x_wconf 65' lang='lat' dir='ltr'>On</span> <span class='ocrx_word' id='word_1_267' title='bbox 1020 4663 1092 4730; x_wconf 70' lang='grc' dir='ltr'>Ιεἰέ]</span> <span class='ocrx_word' id='word_1_268' title='bbox 1112 4662 1197 4727; x_wconf 81' lang='lat' dir='ltr'>simul,</span> <span class='ocrx_word' id='word_1_269' title='bbox 1210 4658 1279 4715; x_wconf 62' lang='lat' dir='ltr'>&#39;liin</span> 
     </span>
     <span class='ocr_line' id='line_1_42' title="bbox 469 4743 683 4813; baseline -0.009 -16"><span class='ocrx_word' id='word_1_270' title='bbox 469 4746 480 4776; x_wconf 89' lang='lat'>²</span> <span class='ocrx_word' id='word_1_271' title='bbox 495 4746 532 4813; x_wconf 77' lang='lat' dir='ltr'>et]</span> <span class='ocrx_word' id='word_1_272' title='bbox 550 4760 600 4797; x_wconf 84' lang='lat' dir='ltr'>om.</span> <span class='ocrx_word' id='word_1_273' title='bbox 611 4743 683 4795; x_wconf 78' lang='lat' dir='ltr'>&#39;Irin</span> 
     </span>
    </p>
   </div>
   <div class='ocr_carea' id='block_1_9' title="bbox 0 0 1754 5784">
    <p class='ocr_par' dir='ltr' id='par_1_9' title="bbox 0 0 1754 5784">
     <span class='ocr_line' id='line_1_43' title="bbox 0 0 1754 5784; baseline 0 0"><span class='ocrx_word' id='word_1_274' title='bbox 0 0 1754 5784; x_wconf 95' lang='lat' dir='ltr'> </span> 
     </span>
    </p>
   </div>
  </div>
 </body>
</html>
