3500 5784
453 856 495 919 60
777 868 927 921 acnuam
948 870 1176 921 cnossi-rasis

451 1041 597 1107 Jcannes
628 1043 670 1107 de
700 1043 821 1109 Sancto
845 1045 974 1133 agidis,
997 1048 1054 1133 qui
1077 1046 1207 1113 circiter
1228 1046 1355 1111 instans
1376 1044 1495 1108 festum

451 1144 564 1210 Sancti
597 1144 765 1211 Michaelis
798 1153 957 1213 venturus
987 1154 1038 1215 est
1067 1149 1103 1213 in
1134 1147 1301 1235 Angliam,
1331 1151 1367 1212 at
1394 1146 1498 1210 frater

452 1245 621 1312 Galfridus
651 1246 691 1312 de
727 1247 820 1314 Olive
850 1250 966 1315 saltem
996 1272 1055 1337 per
1086 1272 1210 1315 annum
1235 1249 1385 1336 proximo
1407 1248 1497 1312 futu·

451 1372 525 1415 rum
556 1350 713 1436 corporali
743 1354 919 1437 praesentia
940 1353 1038 1419 lateri
1068 1375 1142 1419 meo
1164 1353 1364 1431 adhaereant,
1386 1352 1423 1415 in
1445 1349 1495 1414 his

450 1474 523 1537 quac
555 1452 598 1517 ad
628 1453 767 1519 salutem
796 1454 917 1521 animae
949 1478 1031 1521 meac
1061 1461 1095 1520 et
1123 1455 1232 1543 gregis
1254 1454 1336 1519 mihi
1357 1452 1495 1539 indigno

450 1554 613 1620 commissi
642 1555 819 1643 pertinent,
858 1579 990 1624 veraces
1027 1558 1250 1624 consiliatores
1283 1564 1318 1623 et
1354 1555 1495 1621 efficaces

450 1656 664 1744 coadjutores
700 1658 758 1744 qui
787 1680 895 1724 meam
927 1662 1111 1727 sustineant
1148 1660 1386 1737 infirmitatem,
1420 1680 1495 1744 sup-

450 1766 583 1847 portent
615 1756 884 1844 imbecillitatem,
919 1763 1094 1829 sublevent
1127 1763 1343 1843 debilitatem,
1381 1762 1495 1827 sufful-

451 1862 556 1929 ciant¹
587 1886 640 1930 me
674 1864 891 1944 vacillantem,
923 1866 1097 1932 mistollant
1129 1865 1342 1945 titubantem,
1367 1865 1495 1952 erigant

451 1970 662 2047 corruentem,
694 1968 843 2034 animent
873 1968 1101 2055 trepidantem,
1125 1969 1300 2035 stimulent
1333 1967 1496 2057 pigritan-

450 2075 526 2150 tem,
565 2091 671 2136 mores
708 2092 797 2136 meos
831 2076 865 2136 et
895 2071 1027 2139 familiae
1064 2094 1146 2139 mem
1183 2072 1356 2160 corrigant,
1388 2078 1496 2138 errata

451 2172 698 2259 deprehendant
720 2179 754 2239 et
777 2152 931 2261 dirigant,
954 2175 983 2239 si
1006 2196 1071 2261 qna
1092 2175 1270 2241 laudabilia
1292 2174 1495 2241 confirment.

451 2272 497 2339 Et
526 2275 602 2341 licet
632 2274 689 2341 ut²
711 2275 890 2362 supradixi,
920 2298 987 2342 non
1020 2300 1101 2365 opus
1132 2279 1177 2344 sit
1207 2278 1250 2342 ad
1280 2299 1338 2343 vos
1368 2278 1405 2342 in
1435 2277 1495 2344 hac

449 2382 543 2463 parte
581 2376 851 2465 persuasionibus,
891 2400 966 2444 cum
995 2402 1047 2445 res
1077 2381 1197 2467 petita'
1220 2379 1390 2446 evidenter
1419 2404 1495 2447 con-

450 2480 556 2545 tineat
588 2479 767 2567 profectum
799 2480 992 2560 animarum,
1015 2482 1116 2548 simili
1146 2482 1243 2549 modo
1265 2505 1325 2549 nec
1348 2506 1430 2570 opus
1450 2484 1496 2550 sit

449 2583 607 2669 precibus,
632 2588 775 2649 aestuans
805 2583 936 2649 tamen³
958 2583 1156 2650 desiderium
1186 2608 1296 2652 meum
1318 2608 1386 2651 non
1414 2586 1496 2652 sinit

449 2706 557 2772 preces
582 2707 652 2751 non
678 2686 851 2752 effundere.
897 2686 1095 2753 Provolutus
1125 2688 1228 2775 igitur
1256 2692 1291 2754 et
1313 2694 1496 2775 prostratus

449 2788 492 2853 ad
522 2796 640 2855 vestrae
663 2788 850 2855 sanctitatis
872 2790 980 2877 pedes,
1003 2790 1156 2856 omnibus
1185 2790 1339 2857 desiderii
1364 2792 1496 2857 visceri·

449 2892 510 2957 bus
540 2896 665 2979 quanta
701 2912 831 2979 possum
867 2892 1067 2958 humilitatis
1098 2893 1272 2960 devotione
1308 2895 1498 2982 suppliciter

450 3016 515 3076 oro,
554 2996 724 3061 obsecrans
759 2999 793 3059 et
820 2994 978 3080 adjurans
1010 3017 1076 3083 per
1097 2995 1226 3063 viscera
1247 2996 1495 3064 misericordie

316 3114 323 3130 ·
451 3096 585 3162 Domini
617 3097 722 3163 nostri
752 3096 833 3163 Jesu
864 3097 999 3179 Christi,
1026 3096 1070 3164 ia
1099 3098 1223 3185 quibas
1245 3098 1404 3166 visitavit
1432 3123 1495 3166 reos

451 3198 565 3266 oriens
587 3222 626 3266 erc
646 3200 715 3266 olto
738 3204 772 3265 et
798 3222 856 3287 per
879 3200 1097 3288 aspersionem
1119 3202 1290 3289 sanguinis
1312 3203 1492 3289 Ejusdem,⁴

450 3310 490 3370 ut
519 3324 629 3391 preces
665 3324 753 3368 meas
788 3303 823 3367 in
855 3302 917 3369 hac
953 3309 1047 3390 parte
1083 3327 1151 3370 non
1185 3306 1357 3393 repellatis,
1389 3330 1494 3394 neque

451 3406 659 3473 inexauditas
681 3405 867 3473 dimittatis.

766 3639 1467 3651 fflssmffl—ffl..
1473 3640 1496 3653 ,ᾳ

481 3791 487 3827 ¹
504 3794 661 3863 suffulciant]
679 3796 835 3859 suffulceant,
847 3795 895 3848 01.
966 3802 972 3891 p
997 3802 1012 3824 ‘⁶
1029 3810 1098 3847 mam
1115 3798 1285 3862 matremejus
1303 3805 1329 3848 et
1347 3798 1497 3862 compassio·

480 3876 547 3941 4ἤιε]
566 3892 615 3927 om.
628 3876 718 3927 C.C.C.
998 3881 1013 3907 ‘⁶
1029 3892 1087 3927 nem
1104 3876 1238 3941 illamqua
1256 3892 1326 3928 suam
1345 3877 1423 3941 ipsius
1442 3878 1499 3929 ani·

482 3956 598 4022 'maed
616 3971 666 4006 em.
679 3956 777 4016 C.C.C.‚
790 3956 838 4007 Ox.
998 3961 1013 3986 ‘⁴
1029 3972 1097 4007 mam
1107 3956 1267 4021 pertransivit
1276 3956 1397 4024 gladiua¹'

423 4032 425 4038 '
482 4037 491 4069 ⁴
508 4036 596 4089 C.C.C.
609 4036 698 4088 inserts
714 4040 760 4089 “et
777 4050 822 4102 per
836 4034 948 4088 beatissi-
