3500 5784
685 887 865 938 srrsronm
1256 876 1300 945 37

244 1060 438 1125 criminibus
460 1060 571 1147 aliquo
593 1080 754 1125 consensu
776 1059 953 1147 inquinari,
977 1064 1012 1126 et
1043 1060 1168 1125 talibus
1190 1061 1298 1147 poenis

243 1184 286 1227 ex
303 1161 422 1246 judicii
444 1160 651 1227 districtione
673 1162 792 1248 puniri

288 1262 439 1329 Secunda
468 1284 599 1349 quoque
636 1264 769 1341 occasio,
808 1286 883 1351 quas
920 1264 1095 1329 materiam
1131 1264 1296 1331 scribendi
1309 1283 1415 1334 Acum-

242 1365 344 1445 dedit,
368 1370 419 1431 est
439 1366 529 1435 hmc:
552 1364 715 1446 videlieet,
737 1366 826 1452 quod
847 1366 983 1451 quidam
1009 1366 1051 1431 de
1074 1365 1207 1432 ballivis
1226 1390 1297 1433 ves-
1308 1350 1470 1469 ffiffiw

244 1467 315 1543 tris,
338 1472 378 1533 ut
399 1489 420 1533 a
441 1466 591 1553 pluribus
612 1466 737 1549 audivi,
758 1466 795 1531 in
817 1466 970 1553 parochia
1000 1466 1183 1553 praebendse
1205 1490 1297 1552 meae,
1310 1483 1389 1533 osma

244 1568 432 1635 hominibus
462 1569 582 1635 veras
608 1569 670 1634 sue
700 1568 906 1635 semanno
927 1568 1107 1657 prohibuit,
1130 1592 1173 1635 ne
1198 1572 1254 1656 qu·
1285 1548 1446 1666 ¹533&

245 1692 357 1736 eorum
391 1672 433 1735 de
463 1670 598 1737 decimis
635 1692 746 1737 eorum
778 1671 814 1735 in
847 1670 1001 1757 parochia
1038 1671 1127 1736 dicta
1159 1672 1298 1738 sitorum
1311 1680 1448 1745 mepcmh

245 1773 370 1859 aliquid
403 1793 510 1839 emere
541 1778 760 1859 praesumeres
816 1772 883 1853 our
914 1772 943 1838 si
974 1772 1035 1838 hoc
1068 1772 1189 1853 feoess,
1211 1774 1300 1862 rega
1311 1748 1457 1879 mg

247 1875 406 1940 humanas
437 1880 473 1940 et
504 1874 635 1941 divinas
668 1895 736 1940 non
769 1874 977 1941 mediocriter
1007 1874 1101 1941 laesit
1147 1876 1300 1942 Abstulit
1311 1880 1386 1930 bena

245 1977 333 2042 enim
356 1976 440 2041 mihi
462 1976 691 2043 commercium
723 1976 901 2063 emptionis
923 1982 957 2042 et
979 1976 1189 2058 venditionis,
1211 1979 1300 2065 quod

246 2079 334 2164 leges
355 2084 427 2144 tam
450 2078 574 2145 divinas
597 2100 697 2165 quarn
719 2078 873 2144 humanae
894 2099 964 2143 non
985 2078 1091 2143 solum
1109 2081 1300 2159 concedunt,

246 2180 304 2246 sed
330 2180 431 2245 ctiam
461 2185 606 2247 tuentur.
661 2179 696 2245 N
697 2202 733 2246 ec
754 2179 861 2245 solum
882 2179 1049 2265 indigenae
1071 2180 1132 2247 hoc
1152 2180 1302 2268 gaudent

247 2282 401 2348 humanm
432 2282 597 2347 societatis
628 2280 714 2347 bono
746 2286 781 2345 et
811 2280 1016 2347 necessitatis
1055 2281 1174 2347 solatio
1186 2306 1196 2363 3
1243 2284 1301 2349 sed

247 2384 347 2451 etiam
392 2382 595 2469 alienigena,
628 2382 715 2447 servi
738 2386 772 2447 et
794 2382 931 2463 ancilla,
964 2386 1112 2469 tempore
1144 2384 1233 2470 pacis
1267 2390 1302 2450 et

247 2507 381 2573 guerrae
437 2484 561 2551 Contra
593 2483 682 2571 leges
705 2504 817 2549 omnes
846 2483 993 2569 judicem
1025 2505 1060 2549 se
1087 2484 1172 2551 ercit
1202 2508 1300 2573 super

248 2608 309 2665 me,
343 2608 417 2652 cum
448 2605 545 2651 nemo
576 2585 640 2650 sibi
666 2584 790 2670 judicie
812 2590 930 2651 euocat
951 2584 1122 2665 honorem,
1146 2586 1205 2653 scd
1237 2587 1301 2673 qut
1313 2604 1381 2656 Heu.
1391 2621 1416 2654 v.
1428 2609 1452 2654 4.

248 2694 383 2755 meatus
415 2692 462 2753 est
499 2708 523 2752 a
559 2686 652 2765 Deo;
685 2686 790 2751 omnis
824 2706 967 2772 namque
1000 2691 1148 2773 potestas
1177 2710 1199 2752 a
1229 2688 1455 2761 DeoRcmxiit

248 2790 330 2869 est2,
353 2790 439 2855 sicut
462 2788 544 2853 dicit
566 2787 752 2875 Apostolus.
799 2785 942 2854 Menon
962 2794 1125 2866 vocatum,
1141 2810 1208 2854 non
1223 2810 1299 2856 con-
1315 2779 1337 2824 ¹·

415 2912 483 2957 non
516 2890 705 2967 confessum,
729 2910 829 2977 poena
851 2890 1175 2956 sceleratissimorum
1196 2892 1303 2957 homi-

384 2991 567 3078 justissime
582 2990 824 3085 condemnavit
863 2990 980 3057 Voluit
995 3013 1124 3078 quoque
1138 2999 1303 3081 praecepto

289 3116 309 3159 o
338 3096 399 3159 hoc
432 3092 564 3171 efficere,
598 3098 639 3159 ut
668 3092 859 3179 parochiani
891 3093 956 3159 mci
978 3094 1119 3159 decimas
1141 3114 1224 3161 suae·
1238 3096 1304 3160 rite

250 3217 318 3261 non
348 3196 523 3273 solverent,
556 3195 591 3259 in
621 3194 684 3259 hoc
714 3194 816 3280 impie
849 3194 1008 3260 cervicem
1030 3196 1159 3282 erigens
1189 3203 1304 3263 contra

251 3298 369 3374 Deum,
391 3298 449 3382 qui
472 3294 616 3362 directe³
634 3290 733 3381 jubet
756 3294 900 3360 decimus
923 3296 1055 3361 solvere.
1088 3296 1175 3376 Quia
1188 3298 1471 3384 itaqueMdii'aro.

20 3468 23 3476 ,
253 3400 259 3415 “
281 3398 335 3465 ue*
357 3399 434 3465 talis
456 3398 521 3463 Dei
542 3397 765 3485 precipientis
779 3396 903 3483 impius
917 3396 1145 3477 subsannator,
1162 3400 1304 3467 ecclcsiae

454 3522 528 3565 rum
561 3500 720 3587 superbus
752 3503 969 3585 contemptor,
1011 3500 1052 3565 de
1084 3501 1205 3567 vestris
1236 3524 1306 3568 esse

486 3601 529 3667 ob
560 3601 779 3669 reverentiam
812 3604 958 3667 vestram
991 3598 1083 3665 volui
1116 3602 1188 3668 haec
1209 3604 1305 3669 vobis

251 3705 343 3792 prius
364 3704 575 3782 innotescere,
607 3724 708 3789 quam
741 3702 922 3768 secundum
943 3700 1042 3767 officii
1064 3703 1131 3769 mei
1152 3704 1302 3770 debitum

250 3808 287 3871 in
309 3808 418 3893 ipsum
439 3804 710 3871 animadvertere.
757 3803 884 3870 Contra
903 3802 952 3868 si⁵
966 3803 1010 3869 ad
1033 3809 1180 3870 vestrum
1201 3806 1305 3893 impe-

142 3966 153 3985 ,
251 3909 337 3973 rium
366 3906 552 3973 satisfacere
585 3904 761 3983 curaverit,
797 3910 968 3992 gratanter
997 3906 1180 3992 acceptabo.
1226 3906 1305 3974 Non

250 4009 405 4075 convenit
428 4013 540 4075 autem
577 4010 701 4073 sanctae
732 4004 911 4071 viduitatis
932 4011 1053 4074 vestrae
1090 4009 1303 4088 venerationi,

251 4133 326 4197 quae
354 4111 498 4198 jejuniis,
531 4110 744 4189 orationibus,
778 4112 813 4173 et
846 4108 1072 4195 eleemosynis,
1095 4130 1170 4175 cum
1192 4112 1344 4177 Accaus.
1357 4125 1457 4178 Lucii.

233 4212 461 4300 prophetissa
483 4210 569 4298 salic
599 4208 768 4290 Phanuel,
807 4209 860 4275 die
897 4231 935 4275 cc
972 4214 1068 4275 nocte
1113 4211 1306 4298 obsequitur
1316 4196 1360 4241 ³⁶·

288 4487 379 4553 'quiq
399 4486 495 4553 aliquis,
507 4482 695 4551 c.c.c.,1)igb.
837 4484 922 4551 ⁴ictc]
939 4480 1095 4545 sadoc.

287 4565 296 4594 ²
311 4566 387 4615 cusu
404 4602 410 4615 .
427 4602 434 4617 .
450 4566 499 4630 eci]
520 4565 659 4629 om.·Digb.

254 4643 418 4789 &1313
433 4643 553 4709 mutue,
576 4642 687 4705 ece,
704 4641 754 4693 dis·
839 4642 849 4672 ⁵
868 4640 962 4693 Coruo
972 4639 1304 4709 ulQuasi.0c.0.,1>igb.
