3500 5784
674 875 853 928 EPISTOLAE.
1242 865 1286 928 85

239 1047 354 1116 Posito
376 1051 526 1138 quoque¹
549 1051 637 1139 quod
671 1051 770 1118 raim
799 1055 834 1119 at
865 1052 968 1140 stipes
997 1051 1135 1138 alicujus
1154 1051 1287 1118 oleastri

236 1157 446 1220 verterentur
474 1155 511 1220 in
540 1161 694 1222 naturam
724 1156 828 1236 oliva,
851 1177 962 1222 nonne
991 1160 1028 1222 ct
1055 1157 1182 1244 priores
1202 1153 1287 1220 rami
1377 1202 1383 1222 .

237 1255 384 1342 ejsudem
415 1257 548 1324 oleastri
581 1264 817 1345 consequenter
850 1261 1132 1324 commutarentur
1161 1258 1198 1324 in
1228 1279 1288 1322 na-

238 1363 349 1425 turam
386 1359 507 1427 olivaet
552 1360 595 1425 In
632 1361 800 1427 Thessalia
837 1369 917 1427 sunt
953 1361 1020 1427 duo
1056 1362 1204 1441 fiumina,
1243 1373 1394 1428 exsmeea

239 1483 378 1548 quorum
400 1485 467 1529 uno
489 1463 640 1530 bibentes
657 1485 736 1529 ovea
757 1464 845 1530 fiunt
867 1465 979 1551 nigrae,
996 1485 1039 1530 ex
1060 1464 1164 1529 altero
1185 1463 1285 1544 albae3
1297 1442 1453 1561 {J‘Quss}

239 1587 283 1630 cx
319 1570 458 1652 utroque
496 1585 573 1634 vero
609 1564 760 1632 bibentes
797 1564 922 1632 variaa²
958 1566 1054 1632 fiunt
1107 1525 1449 1656 innumerarcliiuf

239 1687 368 1754 quoque
391 1666 493 1734 sunt³
514 1667 702 1754 hujusmodi
724 1689 800 1754 quae
830 1673 962 1734 mutata
982 1668 1162 1734 immutant
1184 1667 1285 1733 etiam
1297 1641 1446 1760 Ῥω·

239 1769 299 1834 illa
319 1790 393 1855 quaa
414 1770 455 1836 de
477 1769 557 1856 ipsis
578 1773 658 1836 sunt
678 1769 770 1857 priua
791 1773 917 1836 exorta
962 1769 1046 1837 Cum
1067 1769 1179 1859 igitur,
1202 1775 1287 1836 testa

241 1872 409 1958 Apostolo,
446 1871 516 1954 Qui
538 1871 684 1940 adiuret
714 1870 896 1953 meretrici,
919 1893 1037 1938 anam
1072 1893 1194 1960 corpas
1222 1871 1286 1959 effa
1301 1889 1314 1934 1
1327 1883 1432 1936 Corsi.

242 1973 340 2052 citor,
386 1979 421 2040 et
465 1978 595 2041 constat
646 1973 733 2062 quod
786 1969 903 2061 corpus
947 1973 1031 2040 illud
1076 1980 1128 2041 ast
1171 1996 1288 2062 corpus
1301 1955 1344 2004 ¹⁶·

241 2075 471 2163 illegitimum
516 2077 568 2142 vis
604 2081 716 2142 autem
754 2075 958 2142 matrimonii
995 2076 1097 2142 faciat
1134 2077 1216 2143 duos
1252 2077 1290 2141 in

242 2199 339 2244 carne
383 2199 457 2256 uua,
497 2200 596 2265 quam
634 2183 763 2245 constat
800 2199 869 2244 esse
906 2177 1061 2244 carnem*
1096 2179 1288 2266 legitimam,

241 2281 351 2366 sicque
382 2287 458 2367 post
489 2281 637 2367 copulam
675 2280 838 2348 carnalem
874 2281 1083 2347 fornicariam
1120 2286 1155 2347 et
1187 2303 1290 2348 mere-

242 2384 381 2462 triciam,
420 2383 448 2448 si
485 2382 631 2470 copulati
668 2383 759 2471 prius
795 2382 1057 2450 meretricialiter
1092 2384 1291 2450 contrahant

242 2491 357 2574 postea
387 2485 643 2567 matrimonium,
667 2507 783 2574 corpus
813 2486 963 2565 duorum,
994 2486 1083 2573 quod
1113 2488 1205 2574 prius
1225 2487 1292 2553 fuit

243 2588 463 2675 illegitimum,
486 2587 629 2653 vertitur
659 2589 697 2653 in
726 2610 827 2654 unam
857 2609 990 2654 carnem
1019 2589 1160 2655 duorum
1183 2589 1293 2677 legiti-

245 2713 352 2756 mam:
386 2690 466 2776 quid
504 2690 625 2756 mirum
663 2690 692 2754 si
728 2690 771 2756 ad
809 2691 1059 2756 similitudinem
1095 2691 1294 2757 naturaliter

245 2793 494 2858 immutantium
528 2795 564 2858 et
594 2793 854 2872 immutatorum,
878 2814 995 2879 corpus
1025 2793 1165 2858 duorum
1194 2815 1297 2859 mere-

246 2896 379 2962 tricium
409 2893 629 2982 illegitimum,
663 2893 927 2962 commutatum³
964 2895 1000 2960 in
1032 2917 1163 2962 carnem
1195 2919 1296 2962 unam

247 2998 386 3064 duorum
408 2997 684 3064 matrimonialem
706 3004 741 3065 et
762 2999 955 3085 legitimam,
972 3003 1152 3064 commutet
1174 2999 1296 3086 prolem

246 3101 454 3168 fornicariam
490 3099 696 3187 illegitimam
735 3101 777 3166 de
813 3123 847 3166 se
885 3101 976 3188 prins
1019 3101 1225 3188 progenitam
1261 3101 1298 3165 in

247 3203 371 3291 prolem
405 3201 680 3269 matrimonialem
714 3210 748 3270 et
781 3203 990 3291 legitimans
1034 3202 1108 3270 Imo
1142 3225 1298 3290 magnum

248 3307 369 3372 mirum
392 3312 477 3372 esset
498 3307 526 3372 si
549 3305 619 3372 haec
641 3306 784 3373 mutatio
807 3305 849 3372 ab
871 3306 1110 3396 illegitimitate
1130 3308 1174 3373 ad
1190 3307 1299 3395 legiti-

249 3411 399 3476 mitatem
430 3430 498 3474 non
528 3409 641 3488 fieret;
675 3431 749 3476 oum
787 3410 903 3496 proles,
935 3410 1006 3475 sive
1043 3409 1194 3497 legitima
1229 3410 1299 3475 sire

249 3511 432 3599 illegitima,
446 3510 506 3576 uni
527 3510 654 3597 corpori
676 3510 746 3576 sive
767 3510 827 3576 uni
849 3511 942 3577 carni
963 3511 1106 3577 duorum
1125 3517 1300 3599 parantum

250 3637 308 3702 per
344 3613 493 3680 naturale
537 3613 706 3680 vinculum
750 3613 912 3680 naturalis
955 3613 1126 3680 filiationis
1173 3614 1301 3680 firmius

250 3717 417 3794 inhaerent,
453 3721 488 3781 et
524 3716 646 3782 arctius
683 3721 718 3782 et
754 3715 1056 3804 incomparabiliter
1092 3715 1301 3783 insolubilius

251 3819 431 3905 colligetur,
475 3817 734 3905 profundiusque
778 3818 963 3900 increverit,
1000 3817 1171 3906 magisque
1214 3819 1301 3884 radi-

252 3921 367 3988 caliter
390 3921 558 3986 inseratur
589 3942 688 4008 quam
720 3920 831 4008 capilli
852 3920 965 4009 capiti,
988 3920 1043 3986 vel
1064 3920 1125 4006 pili
1147 3920 1226 4000 cuti,
1248 3921 1303 3986 vel

253 4045 368 4112 penum
405 4025 503 4103 carni,
542 4022 596 4088 vel
640 4023 724 4088 rami
768 4023 871 4089 radici
908 4045 968 4089 seu
1003 4023 1121 4110 stipiti.
1177 4021 1303 4111 Corpus

252 4127 356 4214 igitur
378 4123 489 4213 prius⁰
511 4125 734 4192 meretricium
756 4131 791 4192 et
813 4125 1034 4214 illegitimum,
1056 4130 1224 4192 mutatum
1245 4147 1303 4212 per

254 4232 493 4295 sacramentum
523 4226 726 4294 matrimonii
758 4229 794 4292 in
816 4249 947 4293 carnem
975 4249 1076 4292 unam
1099 4226 1304 4314 conjugalem

290 4573 297 4603 ¹
315 4573 419 4638 quoque]
437 4573 512 4634 enirn,
523 4571 576 4623 sic.
841 4571 850 4600 ⁴
868 4569 958 4622 (100.
971 4569 1060 4619 incarn
1071 4586 1150 4620 mam.

290 4652 405 4718 2υιινὶιι]
424 4651 489 4702 varii
499 4652 596 4712 coloris,
608 4651 661 4704 Sid.
841 4649 1307 4715 'mmmwm]commutant,00.c.

291 4731 387 4797 ἠπί]
405 4730 478 4794 fiunt,
489 4730 579 4784 (tc-G.
841 4729 951 4795 6ριίἰαι]
970 4744 1019 4780 om.
1031 4728 1121 4781 ΟΜ.
