3500 5784
691 857 868 909 masmim.

713 1145 855 1214 CXXII.

259 1341 430 1421 liebertus,
452 1340 520 1408 Dcc’
538 1341 657 1428 pretio
679 1336 933 1407 lincolniensis
958 1339 1154 1426 Episcopus,
1178 1336 1305 1404 dilectis
1361 1353 1431 1400 124⁶.

347 1443 391 1512 iac
426 1441 558 1511 Christo
586 1441 679 1530 filiis
707 1441 887 1508 Ηοπσνὶοοει
915 1441 1050 1508 Dcccreo
1085 1448 1116 1507 ct
1147 1439 1428 1527 septennem
1444 1456 1475 1509 dc

347 1545 547 1626 nemisse,
570 1545 721 1625 auca
743 1544 903 1630 aarum,
927 1552 957 1611 a
979 1543 1252 1611 arscensem.
1318 1520 1453 1574 mm·

304 1726 471 1814 Scriptum
493 1735 552 1806 cst,
575 1725 720 1794 Justuec
741 1748 815 1792 ece
837 1724 1049 1793 cmurmtcltt
1077 1724 1245 1813 quicquid
1274 1725 1451 1792 cc'Prov-xii-

259 1828 420 1896 occiderit
431 1855 445 1910 ;
464 1887 465 1890 ,
482 1829 571 1915 quod
607 1834 718 1896 cutem
747 1829 821 1914 quis
851 1830 985 1917 patitur,
1015 1851 1082 1896 non
1116 1830 1204 1916 quod
1236 1829 1306 1916 ipse
1317 1800 1462 1928 {lfflng

258 1932 344 2011 facit,
375 1931 481 1998 eidem
509 1931 652 1998 accidere
690 1931 816 1998 dicitur.
871 1930 939 1998 Vos
975 1936 1087 1997 autem
1123 1932 1189 1996 viri
1220 1929 1457 2018 jugffitomejue

259 2035 359 2115 estis3
384 2033 467 2099 nihil
482 2055 558 2121 ergo
581 2034 667 2119 quod
683 2033 776 2099 vobis
791 2032 910 2100 accidit
929 2056 989 2100 vos
1013 2034 1241 2116 contristabit3
1270 2037 1306 2098 et
1317 1996 1457 2114 &⁰3⁰

258 2136 287 2204 si
309 2136 481 2222 quicquam
503 2135 599 2202 vobis
620 2135 766 2202 accidens
788 2159 847 2202 vos
884 2135 1065 2216 contristat,
1099 2158 1209 2202 nonne
1239 2159 1306 2202 non
1319 2129 1461 2195 emporio

259 2239 337 2304 estis
362 2238 471 2324 justit
492 2244 527 2304 et
548 2239 577 2304 si
607 2260 675 2304 non
701 2238 795 2324 justi,
814 2260 923 2304 nonne
941 2239 1082 2325 injusti?
1101 2241 1190 2325 quod
1209 2238 1305 2327 longe
1318 2205 1460 2315 wlff

258 2341 345 2407 absit
366 2363 387 2406 a
408 2340 510 2407 vobis
554 2340 632 2406 Non
653 2340 757 2427 igitur
779 2341 952 2427 quicquam
978 2340 1072 2408 vobis
1091 2341 1247 2420 accidens,
1272 2347 1306 2407 et

258 2443 400 2510 maxime
422 2443 494 2509 leve
515 2443 559 2508 ad
573 2442 795 2508 sufferendum
811 2443 885 2509 viro
898 2443 985 2521 forti,
1001 2449 1113 2510 tantos
1127 2444 1216 2510 viros
1231 2466 1306 2510 oon·

257 2547 377 2614 tristet.
423 2545 506 2613 Hac
533 2551 643 2614 autem
672 2545 747 2611 ideo
777 2545 923 2624 dicimus,
954 2546 1033 2632 quia
1061 2567 1104 2611 cx
1132 2547 1242 2613 verbis
1271 2551 1306 2612 et

257 2649 406 2715 vultibus
431 2648 638 2735 quorundam
663 2647 703 2712 de
724 2647 826 2728 vobis,
842 2647 923 2714 satis
949 2649 1119 2714 evidenter
1137 2647 1209 2714 heri
1233 2671 1305 2736 per·

258 2751 438 2840 pendimus,
455 2750 543 2837 quod
557 2750 708 2836 quaedsm
723 2749 818 2815 vobis
833 2750 1016 2816 accidentia
1029 2751 1145 2816 saltem
1160 2757 1304 2816 vestram

258 2854 501 2922 sensualitatem
517 2852 769 2918 molestaverunt
786 2875 794 2916 ε
820 2851 877 2918 scd
892 2851 979 2918 absit
994 2853 1082 2939 quod
1097 2854 1174 2918 talis
1189 2853 1304 2920 moles·

257 2957 341 3024 tatio
373 2962 516 3023 vestram
549 2953 697 3042 tetigerit
730 2955 899 3034 rationem,
934 2977 975 3021 ne
1011 2955 1128 3041 injusti
1161 2943 1306 3043 compro-

256 3059 400 3124 bemini:
433 3059 489 3124 sed
519 3062 637 3124 vestras
667 3057 803 3123 rationis
829 3057 926 3122 firma
954 3059 1139 3123 constantia
1159 3064 1303 3124 vestram

256 3161 502 3228 sensualitatem
531 3165 645 3226 contra
678 3181 789 3224 omnes
827 3159 1012 3226 corroboret
1049 3161 1302 3227 molestationes.

257 3264 352 3330 Viros
375 3265 462 3329 enim
491 3262 600 3341 fortes,
625 3268 660 3327 et
689 3261 831 3327 demum
851 3283 925 3327 acc
946 3283 1050 3348 super
1071 3285 1223 3346 cremam,
1245 3263 1426 3354 cerisarios

255 3389 363 3452 supra
381 3371 518 3451 petrem
530 3363 733 3450 faedatam,
755 3385 815 3430 nec
836 3365 1010 3430 fluminum
1023 3366 1304 3453 rapidissimorum
1315 3355 1360 3392 '¹¹'
1372 3347 1462 3394 ²⁴⁴⁶·

255 3467 426 3534 fortissimi
463 3467 614 3554 impetus,
652 3488 711 3532 nec
742 3471 918 3531 ventorum
951 3468 1146 3534 irruentium
1180 3469 1304 3535 violen-

254 3571 374 3636 tissimi
395 3570 494 3636 flatus
524 3573 695 3636 concutere
724 3575 884 3656 possunt:
914 3591 1080 3657 speramus
1109 3576 1221 3637 autem
1244 3595 1304 3638 vos

255 3678 290 3740 et
323 3672 410 3738 viros
441 3672 551 3752 fortes,
584 3677 618 3736 et
652 3670 794 3737 wracen
815 3678 1074 3758 superparem
1100 3672 1303 3759 fundatam.

256 3776 335 3841 Non
364 3774 468 3862 igitur
497 3773 551 3838 vel
580 3772 711 3860 signum
740 3773 872 3859 aliquod
897 3776 1123 3841 commotionis
1148 3777 1185 3841 in
1210 3777 1304 3842 vobis

254 3882 410 3967 appareat
440 3882 475 3942 ct
503 3874 646 3941 maxime
675 3875 718 3941 sd
748 3875 830 3942 lenis
852 3898 941 3942 aurae
963 3877 1089 3958 flatum,
1112 3877 1165 3944 vel
1187 3879 1305 3945 leniter

254 3979 387 4047 fluentis
424 4001 518 4065 aquae
555 3983 691 4044 motum.
740 3977 830 4059 Quid
862 3984 975 4044 autem
1011 3985 1090 4045 sunt
1126 3981 1304 4046 stultorum

254 4083 359 4148 stulta
380 4089 415 4148 ct
436 4104 523 4146 vana
544 4079 653 4160 verbs,
676 4079 741 4145 nisi
763 4080 847 4146 lenis
868 4086 972 4148 aurat
994 4082 1083 4162 Quid
1105 4104 1183 4148 vcro
1201 4106 1304 4170 parva

253 4189 289 4250 et
311 4183 482 4277 portabilis
504 4183 633 4269 injuria,
656 4182 721 4248 nisi
743 4183 861 4249 leniter
883 4183 989 4250 fluens
1011 4191 1119 4270 aquai
1141 4185 1303 4252 Praetema

254 4288 306 4351 vir
332 4286 444 4373 justus
479 4285 543 4352 Dei
572 4283 746 4350 veritatem
776 4285 916 4373 proprias
946 4286 1078 4373 praefert
1107 4287 1300 4354 voluntati:

254 4411 313 4454 vos
342 4393 462 4469 autem,
497 4391 537 4454 ut
570 4387 724 4468 diximus,
755 4389 843 4454 viros
872 4388 979 4473 justos
1012 4411 1082 4477 esse
1114 4411 1300 4478 speramus:

254 4492 427 4557 veritatem
456 4490 560 4578 igitur
589 4488 653 4555 Dei
683 4495 717 4556 ct
746 4512 805 4578 per
833 4512 1032 4576 consequens
1061 4491 1164 4580 ipsius
1187 4493 1303 4558 volun·

253 4597 367 4674 tatem,
413 4592 490 4680 quia
533 4593 570 4656 in
615 4615 674 4658 sua
710 4593 851 4658 veritate
895 4592 966 4680 ipse
1008 4593 1073 4659 sibi
1116 4595 1302 4682 complacet,

253 4695 402 4763 alacriter
439 4699 474 4763 ct
505 4695 585 4763 totis
620 4695 747 4762 viribus
784 4695 1047 4783 prosequamini3
1084 4703 1123 4764 ut
1160 4720 1303 4788 compre·
