3500 5784
748 1224 887 1291 XXXV.

291 1430 515 1503 camaena
541 1428 642 1521 pata
662 1436 694 1499 et
715 1427 857 1498 muro
891 1426 1162 1497 mammaeam
1185 1426 1342 1515 arana
1391 1454 1470 1501 raas?

381 1532 448 1601 Det
466 1532 586 1621 pratris
607 1553 740 1601 summ
751 1530 920 1621 pcataflci
936 1530 1131 1599 sanctitatis
1144 1552 1215 1597 aaa
1228 1551 1343 1597 accures

380 1634 561 1703 Rotertas¹
585 1634 711 1703 dictae
728 1633 953 1721 macinae
975 1632 1230 1701 cananaea
1251 1631 1343 1699 cccle-

381 1737 442 1804 stoe
462 1736 624 1804 minim
644 1736 797 1817 tamdia,
824 1757 923 1832 ¹curre
965 1733 1063 1803 omui
1095 1732 1343 1823 subjectanea
1451 1754 1454 1761 ·

381 1838 569 1907 naneae
592 1836 809 1907 devotissima
831 1837 1003 1907 beatorum
1024 1837 1152 1927 pedum
1174 1834 1295 1905 acala

337 2023 412 2090 Etsi
433 2046 475 2089 ex
497 2023 643 2111 generali
666 2023 777 2089 debito
799 2022 1018 2110 subjectionis,
1051 2043 1117 2109 quo
1148 2044 1216 2088 non
1238 2021 1341 2088 colum
1355 2050 1489 2105 Hiscere

292 2124 432 2213 populus
463 2124 681 2207 Christianus,
713 2124 770 2190 sed
800 2129 911 2191 totum
932 2123 1113 2189 humanum
1135 2146 1238 2212 genus
1261 2121 1454 2235 0b11.pedness

293 2232 401 2314 gatur,
424 2232 459 2292 et
488 2226 559 2293 sine
582 2226 675 2313 cujus
697 2225 859 2293 solutione
882 2226 992 2292 nullus
1014 2226 1154 2292 salutem
1176 2226 1343 2314 consequi-
1356 2202 1472 2319 ὅέὲὲοη

293 2333 358 2408 tur,
394 2328 525 2396 debitor
567 2330 631 2395 sim
673 2329 887 2397 sanctissima
918 2328 1114 2416 paternitati
1154 2332 1274 2395 vestrae
1308 2319 1420 2435 9ῢὲῑρ
1437 2320 1486 2437 hssh

293 2432 572 2499 excellentissimae
594 2430 820 2510 dominationi,
844 2432 1062 2520 plenitudinis
1084 2430 1279 2497 obedientia
1309 2402 1456 2517 etpffpieoetb
1487 2404 1501 2440 θ

297 2534 502 2613 reverentiae,
525 2533 659 2600 honoris
682 2538 716 2599 et
738 2532 867 2600 timoris
879 2558 887 2614 ;
919 2532 1066 2621 specialis
1089 2538 1201 2599 tamen
1222 2556 1341 2622 praero
1355 2519 1477 2637 ffiffim

293 2637 410 2725 gativa
430 2636 596 2703 virtutum
618 2640 803 2702 vestrarum
826 2640 860 2702 et
883 2635 1005 2701 eximia
1026 2634 1230 2722 refulgentia¹
1246 2636 1342 2702 devo
1354 2654 1507 2719 bodnyask

294 2741 418 2807 tionem
452 2739 630 2827 parvitatis
662 2761 744 2806 meaa
766 2738 891 2806 excitat
914 2740 1066 2817 suaviter,
1091 2738 1240 2805 stimulat
1262 2730 1473 2805 animm

293 2842 371 2922 ten,
386 2836 424 2908 et'
436 2846 533 2930 urget
555 2840 686 2910 fortiter
707 2841 750 2907 ad
773 2841 998 2907 exhibendum
1020 2840 1179 2928 praedicta
1201 2846 1342 2928 quatuor

294 2947 404 3033 eisque
435 2944 557 3009 similia
589 2965 656 3010 non
688 2944 792 3010 solum
826 2944 862 3009 in
896 2966 1049 3010 mensura
1070 2944 1159 3010 bona
1180 2949 1215 3011 et
1236 2943 1342 3033 plena,

295 3048 352 3115 sed
382 3047 484 3115 etiam
514 3048 551 3113 in
584 3047 732 3113 conferta
767 3051 803 3112 et
839 3048 1005 3135 coagitata
1042 3053 1076 3113 et
1114 3047 1342 3135 superfluente.

297 3150 399 3236 Cujus
421 3150 510 3216 enim
531 3149 652 3216 mentis
674 3155 842 3237 aspectum
863 3151 901 3215 in
923 3150 974 3215 sui
996 3172 1063 3217 non
1085 3155 1215 3237 raperet
1240 3151 1343 3217 admi·

294 3253 455 3319 rationem
485 3257 519 3318 et
551 3256 727 3340 stuporem,
750 3251 844 3337 cujus
866 3272 995 3339 quoquo
1018 3251 1174 3319 affectum
1195 3250 1253 3317 in⁸
1291 3252 1343 3318 sui

297 3378 364 3422 non
395 3359 524 3444 cogeret
555 3353 809 3442 insuperabilem
841 3360 875 3420 et
913 3353 1137 3421 invincibilem
1174 3353 1217 3418 ab
1254 3356 1343 3419 omni

297 3465 428 3537 terrore,
474 3456 788 3545 inseparabilemque
832 3456 1051 3537 dilectionem,
1101 3455 1343 3543 superfervidns

296 3565 405 3625 vester
426 3557 515 3624 zelus
536 3558 729 3637 animarum,
764 3557 1033 3645 superabundans
1055 3558 1187 3645 largitio
1209 3557 1343 3623 eleemo

297 3682 464 3747 synarum,
509 3658 755 3747 supereminens
797 3660 917 3725 caritas
954 3657 1123 3725 familiaris
1160 3660 1342 3726 dilectionis

296 3762 529 3849 religiosomm,
565 3760 761 3849 superauxia
783 3760 957 3827 solicitudo
979 3782 1047 3826 non
1068 3760 1174 3827 solum
1195 3762 1341 3827 omnium

295 3863 511 3943 ecclesiarum,
534 3862 592 3929 sed
614 3867 648 3928 et
670 3860 817 3928 omnium
838 3884 1023 3949 regnorum,
1046 3884 1147 3951 uapor
1168 3884 1242 3953 quoe
1264 3886 1474 3945 armatam,

294 3966 450 4055 percitus
471 3964 546 4035 cuis
567 3964 743 4033 constituti
757 3964 842 4047 eatis,
858 3968 930 4031 vice
952 3964 1110 4046 Jeremiae,
1134 3973 1174 4033 at
1195 3967 1342 4035 eveldctia
1357 3964 1395 4010 ¹⁰·

295 4077 327 4137 et
341 4068 523 4137 destruatis
544 4074 574 4135 et
596 4067 802 4157 disperdatis
823 4074 854 4135 et
875 4066 1048 4155 dissipetis
1069 4074 1099 4135 ct
1121 4068 1291 4157 aedificetis
1312 4078 1342 4137 ct

290 4170 482 4260 plantetis?
538 4170 663 4237 Vestrae
684 4171 795 4259 igitur,
828 4174 924 4237 tanto
947 4171 1110 4239 virtutum
1127 4172 1245 4258 jubare
1267 4196 1342 4240 ocu-

295 4273 343 4340 los
364 4274 466 4339 etiam
488 4272 731 4341 caecutientium
759 4272 883 4360 ubique
897 4272 1036 4353 ferienti,
1060 4272 1341 4363 refinlgentissimoe

295 4374 475 4455 sanctitati,
496 4397 539 4440 ex
560 4374 736 4441 devotione
757 4395 825 4439 non
847 4378 973 4461 quanta
998 4375 1116 4442 vellem
1138 4376 1194 4442 sed
1217 4384 1342 4463 quanta

331 4683 338 4711 ¹
356 4680 493 4748 nm]
507 4696 556 4734 on
567 4680 658 4735 ccc
813 4684 823 4817 p
877 4683 944 4750 ³2³2]
962 4688 1007 4745 nr,
1018 4682 1108 4739 ccc.

329 4761 459 4828 ἀτίειν]
477 4760 629 4817 uastae.
1172 4772 1181 4793 ·
