3500 5784
440 802 506 865 336
761 818 907 867 uorsuurr
932 820 1163 869 orosssrrsrr

270 1005 398 1055 nudatae
439 988 476 1055 in
507 990 630 1075 majus;
666 990 805 1076 ideoque
837 992 1038 1058 confidenter
1071 992 1166 1057 vobis
1197 992 1313 1071 scribo,
1345 990 1491 1055 maxime

268 1073 417 1199 fflssflvff
439 1114 513 1156 cum
551 1114 625 1178 quaa
661 1093 833 1159 scribendo
870 1093 968 1181 psto¹
1008 1095 1063 1159 val
1099 1096 1234 1161 suadere
1264 1095 1410 1175 intendo,
1446 1093 1490 1157 ad

268 1204 374 1255 thetwo
438 1214 537 1281 opera
570 1196 759 1282 pertineant
790 1198 946 1264 caritatis
1001 1198 1109 1263 Novit
1140 1204 1250 1263 autem
1281 1202 1392 1263 vestra
1423 1197 1491 1261 dis-

268 1272 397 1389 {22¹³oe
438 1298 539 1363 aretio
572 1298 661 1383 quod
692 1298 781 1363 salus
813 1301 955 1366 eoelesiae
989 1300 1182 1388 Anglioanae
1205 1306 1240 1366 at
1262 1300 1363 1365 etiam
1393 1298 1490 1385 regni

437 1398 618 1486 plurimum
651 1400 818 1488 dependet
840 1425 862 1468 a
884 1402 1066 1468 venerabili
1100 1408 1194 1489 patre
1228 1396 1361 1468 domino
1382 1400 1491 1467 arehi-

437 1502 586 1589 episoopo
618 1502 875 1585 cantuariensi3
915 1510 1115 1593 quapropter
1146 1504 1330 1571 necessaria
1355 1510 1433 1569 sunt
1455 1503 1489 1568 ei

436 1604 541 1671 latera
561 1627 630 1671 non
651 1606 757 1671 solum
791 1630 865 1693 quae
898 1607 1029 1694 sapiant
1057 1606 1136 1691 jura
1166 1608 1268 1693 regni,
1301 1607 1356 1671 vel
1377 1604 1490 1672 civilia

436 1712 472 1771 et
503 1708 660 1773 eanonioa
693 1708 809 1787 solum,
844 1709 903 1775 sod
926 1717 961 1775 et
982 1732 1056 1796 quae
1079 1709 1213 1797 sapiant
1231 1710 1307 1795 jma
1329 1708 1400 1786 Dei,
1424 1709 1489 1773 hoe

435 1813 494 1888 est,
527 1833 602 1896 quar
636 1832 760 1875 saetam
791 1812 945 1877 noverint
978 1812 1184 1898 Scripturam
1217 1817 1252 1878 et
1289 1810 1485 1897 sapientiam

435 1912 525 1977 illius
545 1912 739 1999 inscriptam
761 1913 908 1979 habeant
930 1936 997 1979 non
1020 1914 1126 1979 solum
1149 1914 1185 1978 in
1208 1913 1329 1978 mentis
1351 1917 1486 1999 aspectu

435 2013 493 2078 sed
515 2018 551 2079 et
572 2014 634 2079 iu2
665 2016 793 2097 affeetu,
828 2038 963 2102 operum
995 2015 1128 2081 affectui
1163 2015 1485 2102 correspondentiam

435 2115 593 2182 exercitio
614 2116 789 2183 firmatam.
835 2116 899 2183 Per
921 2118 1005 2182 hane
1028 2118 1115 2183 euim
1138 2118 1290 2195 maxime,
1307 2122 1347 2181 ut
1368 2117 1484 2197 nostis,

434 2239 527 2303 reges
564 2226 705 2305 regnant
736 2226 770 2284 et
802 2221 912 2306 legum
945 2220 1128 2286 conditores
1157 2222 1250 2306 justa
1283 2220 1482 2285 daoernunt:

434 2319 496 2384 hae
528 2320 596 2384 sola
626 2320 670 2385 ad
704 2327 837 2407 portum
866 2322 986 2387 salutis
1020 2322 1175 2408 dirigitur
1210 2321 1301 2387 Petri
1322 2320 1484 2385 navicula.

435 2422 662 2487 Necessarium
696 2429 747 2488 est
779 2423 884 2510 igitur
916 2430 956 2489 ut
989 2424 1111 2489 habeat
1143 2424 1251 2489 dietus
1286 2421 1483 2487 venerabilis

433 2530 527 2609 pater
548 2524 701 2589 dominus
723 2524 983 2612 archiepiscopus
1004 2526 1114 2612 ipsum
1136 2526 1293 2592 continuo
1325 2525 1484 2611 stipantia

433 2626 537 2691 latera
559 2627 649 2704 talia,
682 2649 755 2713 quae
788 2626 869 2692 alibi
893 2648 960 2693 nou
981 2630 1202 2694 inveniuntur
1223 2628 1287 2691 nisi
1310 2627 1346 2691 in
1368 2626 1482 2690 ordine

432 2728 573 2794 fratrum
595 2734 834 2815 utrommque;
868 2736 980 2795 vestra
1011 2731 1115 2816 igitur
1136 2730 1300 2816 sapientia
1322 2751 1396 2815 quae
1418 2726 1481 2793 far·

433 2836 550 2896 ventor
583 2830 669 2895 zelat
692 2830 855 2897 dictorum
889 2832 1038 2909 ecelesias,
1068 2834 1169 2918 regni,
1193 2835 1229 2896 et
1251 2830 1480 2917 archiepiscopi

266 2940 333 3005 Bega
341 2942 395 2993 him
432 2932 580 3011 salutem,
604 2933 736 2998 omnino
759 2939 911 3020 procuret
933 2933 1023 3021 apud
1044 2934 1214 2998 dominum
1240 2932 1369 3018 Papam,
1394 2933 1480 3018 quod

262 3012 402 3141 {3:3¹3de
433 3034 556 3099 ombus
578 3035 737 3101 lateribus
754 3034 882 3122 jugiter
903 3036 1058 3101 ureretur
1080 3036 1188 3100 arctus
1211 3034 1363 3099 dominus
1378 3035 1481 3100 mahi-

434 3139 624 3226 episoopus3
661 3160 722 3223 ego
755 3146 867 3203 autem
890 3139 927 3202 in
949 3160 1078 3203 recessu
1100 3159 1172 3201 meo
1195 3158 1215 3201 a
1237 3136 1369 3201 domiuo
1394 3136 1482 3223 Papa

433 3261 530 3325 super
562 3240 650 3305 dieto
693 3240 824 3327 negotio
857 3241 1025 3305 instanter
1056 3240 1164 3306 eidem
1194 3238 1383 3325 supplicavi,
1422 3240 1480 3324 qui

431 3340 657 3407 favorabiliter
688 3343 826 3407 assemit
860 3342 949 3428 quod
972 3364 1077 3407 meam
1099 3343 1136 3406 in
1158 3341 1219 3405 hao
1240 3345 1333 3426 parte
1356 3339 1480 3426 suppli-

431 3444 595 3511 cationem
618 3443 750 3509 effectui
773 3445 976 3531 manciparet
988 3470 996 3525 ;
1027 3448 1245 3509 veruntamen
1268 3443 1369 3506 timeo
1391 3443 1480 3527 quod

430 3546 471 3611 de
503 3546 659 3611 memoria
690 3546 794 3632 ipsius
815 3546 876 3612 hoo
911 3548 976 3611 aito
1004 3546 1160 3625 elabetur,
1184 3544 1248 3609 nisi
1271 3549 1383 3609 vestra
1404 3544 1481 3609 dili-

429 3650 543 3733 gentia
565 3652 599 3713 et
622 3648 781 3713 instantia
813 3649 851 3713 in
873 3649 976 3735 ipsius
998 3649 1154 3713 memoria
1187 3646 1359 3712 efficaciter
1384 3645 1480 3710 inno-

429 3754 533 3815 vetur.
579 3749 697 3815 Valeat
719 3752 903 3837 paternitaa
925 3756 1037 3816 vestra
1059 3772 1186 3837 semper
1206 3750 1244 3814 in
1266 3749 1417 3813 Domino.

1245 3959 1476 3967 *ma-m

565 4104 570 4132 ¹
587 4102 656 4169 peto]
675 4108 738 4166 pete,
751 4100 842 4154 C.C.C.
975 4100 1040 4165 ²ia]
1059 4115 1108 4151 om.
1121 4098 1211 4152 0.C.C.
