3500 5784
406 832 449 893 58
730 844 876 897 nosram
899 840 1128 897 omnnem

404 1016 530 1091 summi
565 1038 648 1082 onus
679 1040 765 1085 curro
793 1018 964 1106 pastoralis
998 1018 1142 1083 humeris
1180 1016 1298 1081 vestris
1335 1015 1451 1079 sinatis

404 1118 535 1203 imponi.
594 1120 764 1187 Credimus
796 1144 854 1209 pro
886 1128 975 1187 certo
1012 1119 1100 1206 quod
1133 1140 1200 1185 non
1226 1116 1371 1203 jumenti
1402 1139 1452 1181 re·

405 1220 606 1288 calcitrantis
643 1245 732 1289 more
771 1246 854 1289 onus
886 1224 1053 1304 excutitis,
1092 1222 1150 1288 sed
1186 1221 1328 1287 scientes
1365 1219 1453 1305 quod

403 1345 499 1389 nemo
522 1324 586 1389 sibi
616 1328 754 1393 assumit
783 1327 950 1405 bonoram,
974 1332 1010 1391 et
1039 1326 1128 1414 quod
1149 1326 1257 1412 ipsum
1279 1344 1451 1389 onerosum

402 1434 454 1491 est
483 1432 517 1493 et
539 1429 719 1495 tenoribus
748 1430 884 1517 plenum
913 1430 1069 1497 nonnisi
1098 1429 1199 1495 tracti
1228 1436 1264 1493 et
1292 1427 1378 1514 pulsi
1401 1426 1451 1489 in-

403 1528 473 1595 vite
495 1532 648 1597 acceditis
678 1532 719 1598 ad
751 1555 834 1599 onus
863 1532 1079 1599 subeundum.
1125 1530 1222 1613 Quod
1243 1535 1452 1595 tamencum

402 1633 504 1699 luerit
526 1640 739 1723 assumptum,
768 1635 899 1701 fortiter
919 1642 955 1700 et
982 1635 1142 1701 indefesse
1172 1633 1373 1723 portandum
1393 1636 1452 1697 est

404 1736 456 1801 Na
479 1736 582 1825 igitur
604 1760 677 1803 mea
708 1740 752 1804 sit
782 1740 943 1825 iniquitas
965 1743 1000 1805 et
1022 1744 1198 1827 peceatum,
1226 1738 1255 1803 si
1283 1737 1453 1823 contingat

404 1860 482 1903 oves
504 1838 694 1907 Dominicas
716 1864 802 1909 curae
825 1848 943 1909 vestra
965 1841 1215 1930 pernecessaria
1238 1838 1377 1906 destitui
1398 1838 1454 1903 be-

404 1942 528 2023 neficio,
560 1949 594 2009 ct
625 1966 685 2011 vos
714 1968 735 2009 a
766 1947 887 2012 summi
921 1946 1067 2011 Pastoris
1097 1966 1209 2011 amore
1238 1943 1311 2010 sitis
1344 1940 1451 2019 alieni,

403 2044 446 2109 ad
483 2044 581 2133 pedes
618 2045 818 2113 humilitatis
852 2054 888 2114 et
925 2048 1073 2115 caritatis
1104 2053 1224 2115 vestrae
1262 2050 1452 2134 prostratus,

403 2152 478 2213 tota
503 2148 610 2214 cordis
635 2150 809 2217 devotione
840 2152 995 2239 supplico,
1023 2172 1133 2233 exoro,
1161 2151 1293 2216 obsecro
1317 2170 1375 2236 per
1403 2170 1454 2211 as·

403 2252 586 2338 persionem
609 2254 779 2341 sanguinis
801 2254 885 2319 Jesu
908 2254 1042 2332 Christi,
1064 2258 1228 2341 quatenus
1250 2274 1363 2317 curam
1384 2248 1455 2315 ani·

404 2375 542 2435 marum,
565 2354 608 2421 ad
639 2378 737 2443 quam
762 2378 821 2423 vos
851 2356 965 2436 trabit,
997 2380 1066 2423 non
1096 2357 1202 2423 solum
1232 2378 1300 2443 ego,
1332 2354 1390 2420 sed
1419 2359 1454 2419 et

405 2456 565 2539 Christus,
598 2456 654 2545 qui
690 2458 782 2525 dedit
818 2481 877 2546 pro
908 2460 975 2525 illis
1006 2458 1057 2526 et¹
1081 2460 1233 2527 omnibus
1257 2464 1292 2525 et
1317 2456 1454 2545 singulis

404 2565 514 2625 totum
546 2561 691 2648 pretium
724 2562 775 2627 sui
805 2562 985 2651 sanguinis,
1007 2584 1172 2629 assumere
1201 2583 1270 2628 non
1293 2560 1454 2627 recusetis.

405 2661 521 2727 Trahit
555 2662 642 2729 enim
673 2686 732 2731 vos
756 2664 918 2744 Christus,
942 2672 976 2733 et
1005 2672 1080 2732 tota
1109 2666 1248 2733 caelestis
1269 2664 1389 2731 civitas
1418 2665 1456 2729 in

405 2764 558 2831 funiculis
581 2766 735 2845 caritatis,
760 2767 853 2855 pellit
876 2790 943 2847 vos,
967 2774 1066 2855 urget
1095 2774 1131 2834 et
1152 2766 1303 2834 stimulat
1325 2766 1456 2833 terrori·

407 2869 468 2934 bus
506 2888 612 2957 poenae
649 2868 849 2957 gehennalis,
888 2892 969 2956 quos
1005 2870 1201 2936 terribiliter
1238 2870 1457 2937 comminatur

407 2970 467 3052 his,
491 2994 512 3036 a
534 2971 654 3059 quibus
687 2994 766 3038 cura
796 2972 979 3059 pastoralis,
1002 2994 1077 3039 cum
1110 2972 1152 3039 ad
1174 2994 1245 3038 eam
1269 2971 1456 3049 trahuntur,

407 3074 618 3160 pertinaciter
650 3080 825 3141 recusatur.
889 3074 975 3141 (lum
1008 3074 1113 3161 igitur
1149 3095 1218 3140 non
1250 3074 1458 3141 mediocriter

407 3174 464 3241 sed
485 3174 616 3241 fortiter
639 3196 697 3243 vos
720 3174 832 3242 trahat
866 3197 940 3242 mea
970 3176 1051 3241 totis
1082 3176 1256 3243 conatibus
1286 3176 1457 3242 obsecrans

407 3278 547 3359 devoti0,
588 3276 712 3344 Christi
749 3278 877 3360 caritas,
917 3279 1006 3344 zelus
1044 3280 1240 3361 animarum,
1277 3279 1456 3345 secundum

241 3387 267 3437 S·
280 3386 355 3501 Grpe-
407 3378 555 3469 regulam
593 3380 682 3447 beati
715 3380 874 3469 Gregorii,
907 3382 985 3448 licet
1014 3382 1161 3471 regimen
1198 3381 1384 3447 animarum
1416 3402 1458 3447 ex

242 3455 311 3571 ἐξῇ,
324 3468 377 3569 Γ
407 3484 501 3551 corde
535 3482 693 3571 fugiatis3
725 3484 857 3551 obedire
888 3490 1001 3551 tamen
1034 3484 1079 3551 ad
1107 3484 1192 3550 illud
1215 3484 1459 3572 suscipiendum

242 3587 395 3654 ‘sevir-⁷·
408 3586 535 3654 debetis
558 3586 665 3652 inviti.
711 3586 873 3653 Dominus
893 3584 992 3653 Jesus
1012 3586 1166 3654 Christus
1188 3587 1229 3653 de
1252 3588 1328 3652 sinu
1348 3586 1459 3653 Patris

408 3688 575 3757 descendit
605 3690 642 3754 in
672 3694 802 3755 uterum
826 3690 982 3778 Virginis,
1009 3695 1043 3755 et
1065 3694 1206 3756 mortem
1228 3690 1333 3756 subiit
1355 3689 1459 3756 crucis

408 3816 467 3882 pro
490 3792 663 3858 animabus
685 3790 872 3873 salvandis;
896 3798 931 3859 ot
954 3816 1014 3859 vos
1040 3794 1214 3881 trepidatis
1240 3794 1281 3859 de
1304 3792 1459 3859 cathedra

408 3892 589 3983 magistrali
612 3894 814 3977 descendere,
837 3900 877 3960 ut
900 3895 973 3961 illas
1000 3896 1142 3983 pascatis
1164 3896 1275 3975 verbo,
1299 3897 1457 3985 exemplo,

408 4004 442 4065 et
472 3998 626 4076 oratione,
658 4020 717 4086 pro
745 3996 863 4085 quibus
887 3997 951 4063 Dei
974 3996 1080 4063 Filius
1101 4020 1169 4064 non
1199 3998 1368 4065 dubitavit
1390 4021 1459 4063 ma-

409 4100 509 4167 nibus
546 4100 636 4165 tradi
674 4098 872 4181 nocentium,
906 4104 940 4164 et
972 4099 1075 4165 crucis
1107 4100 1218 4166 subire
1248 4105 1458 4167 tormentum.

411 4204 507 4285 Quod
537 4204 565 4269 si
598 4201 764 4289 compellit
796 4224 855 4265 vos
886 4200 1062 4266 necessitas
1085 4202 1216 4267 vitandi
1240 4202 1391 4283 scandali,
1416 4203 1460 4269 ad

408 4328 550 4393 praesens
580 4326 743 4369 assumere
781 4302 922 4367 officium
961 4302 1099 4390 legendi,
1138 4304 1224 4371 siout
1261 4311 1372 4372 vestra
1409 4305 1459 4372 in·

409 4408 556 4475 sinuavit
585 4406 727 4494 pagina;
760 4426 865 4491 neque
888 4405 949 4471 boc
980 4404 1109 4473 obstare
1136 4406 1235 4474 debet
1258 4432 1323 4497 quo
1349 4409 1459 4477 minus

411 4602 667 4613 ...υ--.-Μ
677 4600 1155 4612 ᾜ--ῃ--α-..ω-
1173 4606 1190 4611 ..
1214 4606 1221 4611 .
1234 4605 1398 4615 ..-——,..‚-
1408 4609 1414 4613 ,
1425 4607 1446 4615 .,

828 4720 835 4753 ¹
853 4719 890 4788 er]
908 4736 958 4773 om.
970 4722 1027 4775 Sid.
