3500 5784
692 853 871 903 nrisronm.
1244 844 1305 907 121

260 1028 369 1095 cretio.
436 1027 559 1094 Docuit
592 1027 680 1094 enim
711 1049 772 1094 vos
793 1027 954 1095 efficacius
984 1033 1055 1094 tam
1085 1030 1311 1117 religiosorum

260 1130 392 1196 assidua
431 1129 638 1196 familiaritas
681 1151 780 1216 quam
811 1131 849 1196 in
881 1129 1045 1196 vobismet
1076 1132 1155 1219 ipsis
1189 1140 1310 1200 sanetae

259 1232 426 1320 religionis
443 1232 572 1319 jugiter
594 1237 732 1319 experta
753 1233 885 1298 veritas.
942 1227 1043 1299 Unde
1066 1233 1221 1299 credibile
1243 1257 1311 1300 non

260 1341 319 1415 cst,
365 1339 498 1401 tantum
536 1341 658 1400 sancta
696 1333 864 1422 religionis
902 1339 1093 1414 amatorem,
1140 1337 1312 1423 operisque

259 1437 415 1502 sectorem
438 1435 588 1523 religiosi,
612 1435 838 1523 religiosarum
861 1457 1073 1522 personarum
1095 1437 1312 1504 existimatio-

260 1561 337 1605 nem
367 1537 598 1625 religionisque
629 1559 741 1604 earum
774 1539 982 1604 honestatem
1013 1539 1051 1603 in
1085 1538 1196 1626 aliquo
1228 1540 1312 1606 velle

262 1641 350 1728 cpud
364 1641 524 1728 quosdam
546 1638 715 1706 minuere¹.
761 1639 961 1706 Audivimus
983 1647 1097 1707 tamen
1119 1665 1140 1706 a
1161 1641 1227 1708 fide
1242 1643 1313 1731 dig-

261 1743 323 1822 nis,
362 1743 451 1830 quod
488 1764 547 1808 vos
584 1764 693 1808 coram
730 1741 850 1830 populo
885 1742 1021 1810 Oestrice
1053 1744 1314 1832 quibusdamque

261 1846 471 1932 magnatibus
486 1844 644 1931 quosdam
659 1845 701 1910 de
723 1844 897 1911 Fratribus
919 1845 1105 1912 Minoribus
1126 1848 1176 1913 ita
1197 1855 1315 1914 contu·

262 1949 368 2013 meliis
401 1947 566 2026 affecistis,
590 1947 677 2033 quod
699 1951 769 2012 tarn
801 1946 1003 2013 eorundem⁹
1035 1971 1182 2036 personae
1215 1973 1315 2038 quam

261 2050 385 2116 ordinis
418 2054 527 2116 status
560 2050 596 2115 in
629 2049 835 2115 audientium
869 2050 981 2116 odium
1020 2058 1055 2118 et
1088 2060 1315 2141 contemptum

261 2173 331 2217 non
362 2151 526 2217 immerito
569 2157 704 2238 possent
749 2151 877 2231 adduci,
919 2175 1114 2241 causamque
1145 2156 1244 2243 hujus
1266 2158 1314 2223 rei

261 2253 449 2320 audivimus
473 2253 580 2332 fuisse,
605 2252 695 2340 quod
716 2253 780 2341 ipsi
795 2251 929 2320 Fratres
953 2253 1097 2322 Minores
1119 2257 1155 2322 in
1178 2257 1315 2325 civitate

264 2355 404 2422 Oestriss
440 2355 538 2420 simul
575 2377 650 2420 eum
682 2353 855 2420 Fratribus
877 2355 1154 2425 Praedicatoribns
1189 2361 1314 2427 vellent

263 2457 461 2524 cohabitare.
517 2456 614 2539 Quod
647 2456 848 2536 incredibile,
881 2457 911 2522 si
941 2478 1058 2524 verum
1090 2465 1149 2539 est,
1173 2482 1242 2527 non
1272 2485 1315 2529 ex

263 2561 368 2626 animi
388 2559 493 2627 vestri
510 2559 754 2639 deliberatione,
770 2560 828 2625 sed
850 2580 893 2625 ex
910 2560 1057 2648 ejusdem
1077 2562 1187 2649 aliqua
1202 2565 1315 2632 subita

262 2666 481 2731 commotione
515 2664 678 2730 credimus
719 2663 920 2752 processisse.
981 2664 1052 2730 Scit
1083 2667 1172 2730 enim
1203 2673 1315 2734 vestra

264 2766 424 2846 discretio,
460 2787 561 2852 quam
593 2765 686 2832 utilis
720 2770 771 2832 est
802 2765 933 2852 populo,
964 2787 1039 2832 eum
1062 2789 1127 2853 quo
1148 2769 1313 2851 habitant,

264 2869 420 2935 Fratrum
445 2869 612 2934 Minorum
634 2869 811 2956 praesentia
842 2872 877 2933 et
903 2868 1125 2952 cohabitati03
1146 2893 1221 2936 cum
1242 2877 1311 2937 tam

263 2971 364 3036 verbo
387 2971 629 3059 praediestionis
663 2992 762 3057 quam
796 2970 946 3057 exemplo
969 2978 1091 3039 sanctae
1114 2972 1315 3061 cselestisque

263 3073 520 3139 conversationis
543 3079 578 3138 et
600 3073 776 3139 devotione
803 3073 895 3160 jugis
926 3074 1082 3140 orationis
1103 3077 1258 3142 continue
1280 3083 1315 3144 et

264 3174 424 3240 indefesse
450 3180 585 3262 portent
606 3163 719 3262 pacem
745 3181 779 3241 et
801 3174 945 3261 petriam
967 3175 1162 3256 illuminent,
1186 3180 1316 3268 supple-

263 3284 386 3364 antque
410 3276 447 3342 in
473 3276 535 3342 hac
552 3283 655 3364 perte,
672 3298 732 3364 pro
755 3299 877 3364 magna
898 3284 993 3364 parte
1015 3278 1179 3345 defectum
1200 3283 1315 3368 praela-

263 3385 382 3446 torum.
438 3379 476 3446 Si
513 3387 627 3445 autem
664 3379 749 3446 forte
786 3378 947 3445 timuistis
984 3380 1029 3446 ad
1064 3382 1188 3463 horam,
1226 3385 1314 3472 quod

265 3479 421 3546 Fratrum
444 3479 611 3546 Minorum
634 3481 722 3569 apud
755 3481 917 3548 Cestriam
945 3484 1121 3568 praesentia
1142 3485 1315 3553 Fratribus

267 3582 543 3648 Praedicatoribus
599 3583 751 3649 ibidem³
797 3582 995 3670 degentibus
1040 3585 1176 3666 obesset,
1222 3589 1317 3674 quasi

268 3685 418 3771 utrisque
444 3706 512 3749 non
542 3684 627 3751 foret
649 3685 811 3752 sufficiens
833 3686 876 3750 ad
899 3686 1025 3751 vietum
1047 3687 1169 3754 civium
1191 3692 1316 3778 populi-

266 3809 329 3873 que
359 3788 587 3874 eleemosyna;
624 3788 780 3854 advertat
802 3787 995 3874 diligentius
1018 3795 1131 3856 vestra
1153 3792 1314 3872 discretio,

266 3911 365 3978 quam
399 3911 486 3955 vana
519 3889 622 3955 fuerit
654 3889 753 3977 hujus
787 3889 917 3955 timoris
939 3889 1137 3972 solicitudo,⁴
1159 3916 1235 3960 cum
1257 3919 1316 3962 ex-

265 3992 427 4080 perientia
457 3999 660 4080 compertum
684 3993 737 4072 sit,
762 3991 850 4078 quod
872 4000 1085 4081 utrorumque
1114 3995 1256 4064 fratrum
1277 3999 1314 4065 in

265 4097 380 4160 eadem
402 4094 539 4161 civitate
562 4095 763 4161 cohabitatio
786 4095 916 4162 neutris
938 4103 1055 4184 vergat
1076 4098 1113 4164 in
1135 4107 1315 4187 egestatem

266 4197 323 4264 sed
356 4197 506 4284 utrisque
528 4199 566 4263 in
588 4197 835 4264 abundantiam.
894 4197 1111 4286 Eleemosynae
1132 4199 1242 4268 enim⁶
1264 4210 1315 4270 est

299 4505 440 4570 ¹quocdum
473 4507 591 4573 minum]
627 4523 763 4573 quosquam
846 4503 973 4572 'ibidemJ
992 4507 1036 4571 ibi,
1048 4508 1138 4561 c.c.c.

265 4585 404 4676 inminere
425 4584 532 4646 00-Οά
558 4601 693 4652 umqum
715 4588 764 4638 ¹¹¹¹·
848 4617 1010 4692 ‘macram
1028 4629 1257 4694 arreptisque.

264 4679 384 4724 mmuere,
393 4663 443 4716 Ox.

297 4745 308 4774 ²
324 4743 462 4810 eorundem]
481 4759 575 4808 corum,
587 4745 638 4798 sid.
848 4742 858 4771 ³
874 4742 951 4810 emm]
969 4759 1018 4794 orn
1031 4743 1084 4798 Sid.

1323 1041 1353 1091 of
1361 1041 1404 1091 the

1322 1106 1408 1158 Frisrs

1323 1174 1428 1224 Minore.

1323 1240 1470 1293 raeezeu
1538 1231 1541 1234 ’
1588 1232 1590 1239 “

1324 1309 1374 1360 and
1385 1309 1481 1360 usesul·

1324 1387 1389 1427 nm·
