3500 5784
714 886 892 937 urrsroum
1265 871 1330 943 117

280 1060 431 1146 suscepit,
476 1064 511 1125 et
548 1059 585 1124 in
622 1060 783 1125 bonorum
830 1062 1061 1149 temporalium
1098 1063 1330 1149 possessionem

279 1162 377 1226 misit
423 1160 502 1226 Nou
523 1161 635 1249 pigeat
656 1161 760 1248 igitur
781 1184 841 1228 vos
864 1163 991 1229 domini
1023 1162 1109 1250 regis
1143 1163 1330 1250 exemplum

279 1263 412 1342 imitari,
435 1263 493 1329 sed
525 1264 562 1328 iu
595 1263 683 1329 ulnis
714 1262 864 1329 caritatis
897 1268 1015 1331 vestrae
1051 1264 1197 1330 Priorem
1232 1287 1329 1352 quem

277 1364 456 1431 secundum
493 1366 602 1431 Deum
638 1366 792 1432 cononice
828 1366 1044 1444 instituimus,
1085 1366 1225 1432 dulciter
1261 1389 1330 1433 sus·

278 1466 398 1552 cipite3
419 1468 602 1553 praesertim
624 1490 701 1533 cum
731 1467 785 1533 vir
817 1468 887 1555 ipse
919 1469 1077 1534 honestus
1108 1468 1154 1533 sit
1188 1473 1223 1533 et
1254 1469 1329 1534 reli-

277 1568 387 1654 giosus
423 1574 457 1635 et
493 1568 537 1633 ad
573 1568 755 1655 prioratum
797 1570 968 1636 accesserit
1004 1590 1072 1635 non
1116 1574 1234 1657 sponte
1271 1569 1329 1636 sod

278 1675 416 1736 coaetus
460 1670 557 1737 siin
579 1672 641 1737 hoe
663 1694 721 1737 vos
743 1672 917 1758 quisquam
939 1672 1068 1751 laeserit,
1092 1693 1160 1736 non
1182 1671 1247 1752 ille,
1270 1674 1328 1739 sed

277 1794 338 1838 nos
380 1772 531 1854 laesimus,
577 1774 635 1859 qui
678 1774 878 1840 renitentem
923 1774 1148 1861 compulimus.
1212 1774 1326 1860 Ipsum

277 1875 382 1959 igitur
402 1880 514 1940 vestra
534 1874 644 1941 foveat
676 1876 865 1963 benignitas
879 1900 887 1955 ;
900 1912 902 1919 v
917 1900 939 1942 a
971 1875 1066 1942 nobis
1100 1896 1178 1943 vero
1212 1876 1327 1962 exigat

276 1976 426 2055 meionis,
457 1977 553 2063 siqua
588 1976 698 2055 fuerit,
730 1977 1015 2058 emendationem
1060 2000 1120 2043 nos
1151 2000 1230 2044 voro
1262 1980 1324 2044 sub

278 2078 338 2143 hac
359 2078 546 2144 conditione
568 2084 679 2145 vestro
703 2079 909 2167 beneplacito
942 2080 1189 2158 satisfaciemus,
1223 2084 1258 2146 ct
1290 2080 1327 2146 in

275 2180 349 2246 aliis
385 2187 422 2247 et
457 2182 493 2246 in
529 2180 590 2246 hac
621 2187 724 2267 parte,
755 2186 918 2267 quantum
948 2181 1131 2268 poterimus
1165 2181 1326 2248 inoffensa

277 2282 476 2350 rectitudine
493 2281 644 2368 justitiae.

740 2635 867 2702 XXXI.

281 2822 364 2890 Viro
386 2818 571 2888 venerabili
597 2782 1049 2889 circumspectissimo
1063 2818 1186 2889 Fratri
1212 2818 1324 2889 Helico
1376 2848 1457 2897 mss?

360 2923 513 3010 peperoli
543 2922 707 2991 ministro
740 2924 910 2989 fratrum
942 2922 1134 3003 Minorem,
1161 2922 1324 2989 munus

362 3026 579 3093 miseratione
602 3026 729 3093 dicimo
752 3024 1007 3092 Liucoloieosis
1032 3024 1220 3113 Episcopus
1234 3024 1324 3092 salo
1362 3119 1367 3127 .

364 3137 430 3197 tem
450 3136 481 3197 et
502 3130 677 3196 sincerum
699 3128 857 3196 caritatis
877 3129 1040 3217 affectem.

318 3292 443 3359 Gratiae
475 3314 574 3379 quam
608 3290 778 3358 nobiseum
810 3290 933 3356 fecistis
965 3290 1001 3355 in
1033 3290 1236 3357 concessione
1258 3291 1322 3357 fra·
1336 3300 1363 3351 A
1376 3312 1476 3369 requos

272 3402 363 3461 trum
395 3395 567 3461 nobiscum
598 3398 850 3470 memororum,
882 3392 1008 3480 gratias
1041 3413 1122 3478 quos
1154 3414 1324 3479 possumus
1335 3368 1491 3499 ffinff'

269 3499 406 3564 devotas
426 3497 597 3563 referimus
608 3520 618 3576 3
640 3494 809 3561 dilectioni
838 3500 960 3573 autem,
984 3516 1083 3580 quam
1102 3492 1234 3583 plenam
1248 3517 1323 3583 pro-
1335 3505 1471 3581 pppe'rpe

271 3600 368 3665 berit
389 3598 478 3665 dicta
498 3598 615 3685 gratia,
631 3596 760 3662 utinam
774 3617 941 3683 possemus
962 3595 1050 3662 vices
1073 3596 1250 3683 condignas
1271 3618 1323 3662 re·
1335 3576 1480 3687 ffiffi‘

271 3702 421 3789 pendere.
466 3699 504 3765 Si
518 3699 607 3765 enim
628 3697 827 3764 redamando
848 3719 1016 3786 possemus
1037 3696 1140 3777 vobis,
1156 3698 1233 3765 licet
1254 3720 1322 3764 non
1335 3700 1473 3755 Βοώτεω»

271 3824 368 3891 aequo
389 3807 503 3868 tamen
524 3798 590 3869 ex¹
613 3806 708 3888 parte
730 3801 988 3889 correspondens,
1011 3799 1090 3866 loeis
1113 3800 1323 3888 corporaliter
1334 3770 1445 3887 {3022}

273 3906 435 3971 distantes
457 3910 576 3969 mutua
592 3903 802 3989 jocundoque
835 3903 1013 3990 spirituum
1036 3903 1218 3969 frueremur
1239 3906 1470 3991 prae-wrm·

271 4008 388 4089 sentia,
420 4006 619 4093 spiritusque
657 4004 793 4071 noster⁹
836 4028 912 4072 cum
954 4004 1075 4093 spiritu
1105 4010 1216 4071 vestro
1248 3972 1467 4087 ωψὲξὲξὲω

270 4110 378 4187 flatus,
393 4107 431 4174 in
453 4109 523 4196 ejus
537 4129 672 4175 escensu
686 4108 910 4174 coascenderet
932 4109 968 4171 in
990 4108 1138 4174 coelestia
1184 4108 1229 4175 Et
1244 4110 1322 4196 quia
1334 4100 1416 4179 ‘ili'
1426 4103 1471 4155 bu-

266 4212 397 4279 fcrvens
418 4210 507 4277 calor
528 4210 629 4277 etiam
651 4209 760 4299 gelato
781 4232 855 4296 quae
882 4209 1055 4297 contingit,
1076 4209 1184 4289 solvit,
1207 4217 1242 4277 ct
1263 4234 1321 4277 va-
1334 4180 1420 4221 unes.

270 4314 427 4401 poraliter
464 4313 654 4401 plerumque
691 4335 820 4379 sursum
856 4311 983 4394 trehit3
1027 4312 1207 4401 gaudemus
1251 4336 1319 4381 non

270 4417 437 4484 modicum
471 4416 558 4502 quod
589 4415 738 4483 caritatis
770 4419 890 4482 vestus
920 4414 1029 4481 fervor
1059 4436 1118 4481 uos
1144 4415 1315 4504 contingit,

1125 4622 1195 4631 -ι-ο
1202 4622 1217 4629 ι.
1225 4620 1314 4629 -ω-

268 4632 304 4639 ‘-

304 4767 310 4793 ²
330 4764 373 4833 er]
392 4764 618 4832 pro,c.c.c.,01.
788 4762 794 4829 Ι
852 4766 863 4795 ²
878 4762 970 4829 asto]
988 4761 1174 4827 uostri,0.C.C.
