3500 5784
431 871 472 937 64
755 887 900 938 nornen
923 887 1152 938 onoma-raam

427 1063 554 1152 ipsique
585 1086 685 1154 puero
717 1070 751 1132 at
784 1064 969 1131 fautoribus
1001 1063 1069 1129 auia
1101 1063 1138 1130 in
1170 1063 1233 1130 hac
1265 1069 1360 1152 parte
1384 1086 1476 1132 oooa·

428 1168 553 1234 sionem
595 1167 898 1236 condemnationia¹
937 1172 1133 1255 prestantes
1170 1189 1244 1233 oum
1288 1168 1475 1235 animarum
1562 1203 1566 1206 ·

427 1293 513 1338 cnrae
550 1293 618 1338 aure
655 1270 966 1338 committendarum
1003 1269 1099 1357 gravi
1135 1269 1348 1352 discrimin03
1386 1273 1476 1360 quod

427 1375 492 1440 niei
514 1375 668 1462 angutia
700 1375 855 1463 temporie
890 1374 934 1439 ad
960 1371 1168 1440 scribendum
1195 1373 1380 1460 impediret,
1406 1377 1475 1442 evi·

427 1478 582 1544 dontibus
596 1477 848 1544 auctoritatibus
871 1475 1041 1544 ostendere
1062 1497 1131 1542 non
1151 1498 1371 1564 gravaremur.
1402 1478 1476 1546 Hoc

427 1581 530 1667 igitur
561 1586 680 1647 vestre
717 1579 885 1646 dilectioni
920 1584 955 1645 et
986 1579 1076 1645 dicto
1106 1601 1207 1666 puero
1229 1585 1265 1646 et
1293 1579 1473 1661 animabar,

426 1683 545 1770 quibus
578 1681 707 1748 velletis
741 1704 816 1748 eum
849 1682 981 1770 praefici,
1006 1703 1074 1747 non
1105 1681 1313 1748 admittendo
1335 1683 1474 1750 eundem

426 1786 468 1850 ad
491 1807 601 1852 curam
624 1787 831 1873 pastoralem,
847 1790 1049 1872 praestamus,
1064 1784 1154 1871 quod
1175 1785 1319 1850 medicus
1340 1793 1476 1873 praestat

427 1887 635 1966 febricitanti,
660 1887 739 1953 dum
769 1887 913 1953 ferventi
943 1885 1053 1952 febrili
1087 1887 1193 1952 calore
1216 1886 1358 1976 denegat
1378 1889 1477 1955 haua-

427 1997 500 2056 tum
522 2013 616 2077 aqum
638 1989 789 2078 frigidoe;
812 1995 846 2056 et
860 1989 950 2076 quod
964 1995 1136 2076 praeataret
1150 1990 1269 2077 aliquia
1283 1992 1474 2079 paralytico,

427 2093 506 2158 dum
544 2092 721 2180 denegaret
759 2091 789 2158 ei
827 2091 1085 2180 gubernaculum
1129 2092 1227 2158 navia
1263 2093 1300 2160 in
1335 2095 1474 2181 procella

427 2197 639 2283 tempestuosi
662 2195 762 2260 marie
784 2201 819 2261 et
841 2195 931 2282 quod
954 2194 1130 2261 sublevans
1148 2217 1170 2260 a
1189 2196 1283 2286 lapsu
1302 2203 1474 2285 praeataret

427 2299 568 2386 seipsum
592 2298 797 2385 praeeipitare
820 2297 955 2363 volenti.

473 2401 598 2468 Caveat
635 2402 739 2487 igitur
775 2405 886 2468 vestra
922 2399 1043 2466 dilecta
1077 2400 1239 2481 diseretio,
1277 2425 1320 2468 ne
1356 2403 1473 2470 reddat

426 2503 508 2570 mihi
530 2503 666 2569 azolum
692 2525 759 2589 pro
782 2501 866 2568 boae
895 2500 1071 2570 etodium
1098 2524 1165 2588 pro
1188 2503 1366 2572 dilectione
1387 2527 1471 2588 maa,

259 2625 412 2678 Prodite.
426 2607 505 2693 quia
536 2607 631 2672 testie
663 2611 713 2671 ast
736 2605 882 2694 Spim'tus
916 2605 979 2670 Dei
1016 2605 1149 2693 spiritui
1186 2607 1250 2671 mei
1287 2611 1471 2693 peccatoris,

425 2709 512 2796 quod
536 2732 577 2775 ex
599 2708 724 2776 einoeru
757 2709 896 2775 oaritate
927 2708 1044 2774 salutis
1070 2713 1189 2775 vestrae
1212 2715 1247 2775 et
1277 2711 1358 2776 dicti
1380 2714 1473 2798 pueri

425 2816 460 2877 et
482 2813 665 2878 animarum
689 2832 784 2891 omae,
812 2811 877 2876 mei
909 2811 1037 2898 indigni
1072 2813 1325 2892 oommisearum‚
1349 2813 1472 2879 dictum

425 2935 563 3002 puerum
595 2915 639 2979 ad
671 2935 781 2978 curam
812 2913 1008 3000 pastoralem
1041 2913 1078 2979 in
1106 2914 1178 3000 ejus
1208 2918 1244 2979 et
1273 2917 1378 2982 nostri
1408 2917 1472 2982 dis-

425 3019 547 3083 crimen
579 3038 646 3082 non
676 3017 825 3082 admitto.
887 3015 1039 3081 Scribitis
1068 3038 1199 3103 quoque
1225 3017 1262 3082 in
1284 3018 1370 3086 oalce
1398 3020 1475 3086 lite·

424 3141 533 3186 rarum
579 3123 772 3197 vestrarum,
804 3118 893 3205 quod
938 3119 980 3184 ad
1025 3118 1257 3206 appdlationia
1294 3123 1473 3189 remedium

423 3221 624 3300 reemratie⁹,
653 3221 718 3286 nisi
751 3241 832 3287 meae
858 3222 1003 3289 novitati
1026 3227 1137 3288 vestra
1157 3223 1267 3309 gratia
1292 3229 1473 3311 parceretia⁴

423 3326 477 3390 Ad
500 3325 588 3410 quod
610 3324 799 3410 respondeo,
824 3325 913 3411 quod
942 3329 1029 3390 teste
1058 3323 1202 3390 Domino
1225 3326 1369 3393 multum
1391 3329 1472 3395 mihi

423 3426 565 3514 placeret
590 3431 701 3492 vestra
728 3427 906 3512 appellatio
935 3434 972 3493 et
1000 3449 1059 3514 per
1087 3427 1340 3515 appellationem
1373 3431 1475 3497 eoele-

422 3530 489 3610 siae,
522 3529 566 3594 ad
595 3550 695 3615 quam
730 3529 838 3595 dictus
871 3552 954 3616 puer
983 3535 1203 3617 pmaentatua
1232 3536 1293 3613 aet,
1317 3533 1472 3621 adeptio;

423 3631 651 3698 nisi³me1ito
677 3635 790 3696 tamen
812 3631 923 3697 timeri
945 3639 1055 3720 poeaet
1081 3633 1119 3698 in
1144 3632 1207 3699 hoc
1231 3634 1352 3702 animae
1381 3636 1472 3703 illius

422 3741 456 3801 et
493 3741 612 3802 vestrae
650 3734 800 3822 perditio.
872 3734 918 3800 Et
961 3757 1004 3801 ne
1047 3735 1158 3802 eredat
1192 3742 1303 3802 vestra
1339 3737 1473 3806 dilectio

421 3861 474 3904 me
508 3838 675 3925 ingratum
710 3857 779 3902 esee
816 3843 935 3903 vestae
968 3837 1138 3904 dilectioni
1171 3843 1206 3904 et
1238 3861 1339 3924 quam
1370 3841 1472 3928 pluri-

421 3941 484 4004 mis
513 3945 548 4005 et
577 3941 705 4026 magnis
739 3937 905 4004 beneficiis
939 3961 961 4004 a
993 3945 1106 4006 veatra
1134 3938 1335 4008 liberalitate
1369 3946 1472 4010 ventri

420 4042 529 4129 gratia
565 4042 712 4128 reoeptie,
751 4046 886 4129 paratus
922 4065 996 4107 aum
1033 4048 1068 4108 et
1100 4043 1301 4130 jampridem
1336 4051 1474 4132 paratus

265 4129 273 4144 ’
365 4139 371 4155 ’
420 4145 478 4224 fui,
511 4143 652 4208 testibus
682 4141 783 4207 fratre
818 4141 910 4234 Rege
988 4143 1103 4210 Bacun
1130 4151 1165 4210 at
1190 4145 1294 4211 fratre
1315 4147 1472 4214 Adam0⁴

348 4227 363 4254 Ἀ
421 4251 455 4314 et
479 4245 635 4334 magistro
663 4244 808 4312 Roberto
834 4244 876 4312 da
908 4165 1058 4314 Karana
1088 4251 1124 4314 et
1157 4249 1315 4336 magistro
1345 4251 1473 4318 llioma

454 4598 691 4665 'carmardam
744 4599 919 4664 ammaonte,
1003 4602 1091 4670 ἠὺν]
1110 4604 1297 4666 αδί,8ἰᾶ.,οκ.

419 4681 470 4732 su.
1002 4682 1139 4750 «aarum
1165 4686 1238 4747 nna,
1261 4687 1326 4747 su.;
1362 4689 1396 4741 a,
1427 4690 1472 4740 tue

451 4762 461 4790 ¹
476 4759 619 4826 recurretis]
638 4759 807 4824 recurreram,
818 4759 870 4816 siu
970 4761 1042 4814 other
1050 4761 1127 4816 MSS.
