3500 5784
712 851 891 902 ur1sronm.
1262 838 1326 904 139

280 1033 426 1094 vestrum
449 1026 654 1104 desiderium,
679 1026 870 1113 simpliciter
900 1031 1000 1112 atque
1028 1026 1174 1092 finaliter
1195 1031 1496 1113 propersonae

279 1131 395 1209 Deum,
439 1131 578 1196 eundem
620 1129 816 1216 magistrum
854 1129 891 1193 in
937 1130 1069 1194 ecclesia
1106 1129 1327 1196 Lincolniensi
1338 1105 1473 1225 fff'fflg’

278 1233 426 1318 plantare
457 1233 571 1298 curavi
578 1257 587 1310 ;
623 1233 712 1298 locus
746 1236 858 1298 tamen
895 1231 933 1298 in
970 1254 1034 1318 quo
1071 1232 1240 1318 plantatus
1277 1239 1457 1358 “iffi

274 1335 422 1400 radicum
444 1335 514 1420 ejus
535 1333 781 1421 profundationi
795 1356 1024 1420 ramorumque
1047 1335 1234 1400 dilatationi
1257 1357 1325 1401 non
1337 1371 1415 1423 aila.
1452 1375 1490 1425 Is

278 1439 358 1504 satis
379 1461 440 1504 neo
461 1437 547 1503 siout
568 1437 686 1503 vellem
708 1437 956 1523 correspondere
979 1438 1175 1517 dinoscitur3
1199 1437 1324 1504 fructus
1335 1439 1492 1492 vernensis
1567 1485 1570 1488 -

279 1539 366 1605 enim
388 1540 573 1626 prebenda
596 1539 711 1606 santa
733 1538 872 1604 naam
901 1539 938 1604 a
961 1539 1172 1605 semaam
1200 1540 1238 1604 a
1260 1560 1326 1626 qua
1336 1510 1483 1624 ml

277 1641 452 1706 institutus
475 1646 533 1718 est,
557 1640 810 1706 estimationem
825 1640 950 1728 viginti
974 1642 1120 1726 quinque
1142 1639 1422 1706 marcarumdffloe·

277 1764 344 1808 non
379 1742 567 1823 -excedunt3
612 1748 646 1807 et
691 1748 802 1808 tamen
845 1743 883 1806 in
927 1743 1061 1808 eeclesia
1106 1743 1326 1808 Lincolniensi

277 1843 436 1910 residenti
473 1843 713 1930 quinquaginta
749 1865 874 1908 marcas
911 1843 966 1908 vel
1010 1844 1150 1931 amplius
1187 1845 1325 1931 singulis

278 1946 375 2010 annis
410 1946 519 2011 valere
549 1946 718 2032 potuerint
728 1943 748 2011 ¹.
795 1944 872 2010 Non
909 1946 1051 2032 refugiat
1086 1951 1199 2012 autem
1236 1947 1326 2012 dicta

277 2046 393 2134 planta
421 2046 458 2112 in
482 2053 572 2113 arcto
594 2047 685 2134 prius
707 2045 858 2134 plantari,
883 2068 956 2112 oum
979 2048 1105 2114 soleant
1126 2048 1258 2135 panta,
1283 2048 1324 2115 de

277 2149 396 2234 quibus
432 2155 482 2214 est
519 2171 592 2236 spes
639 2147 865 2226 fructificandi,
900 2171 921 2213 a
957 2149 1071 2235 peritis
1101 2150 1251 2236 agricolis
1281 2152 1324 2217 ab

277 2257 367 2316 arcto
404 2251 440 2315 in
477 2251 577 2316 latius
614 2249 791 2317 transferri.
853 2251 1025 2338 &cogitet
1063 2251 1163 2319 etiam
1200 2254 1324 2320 solicite

278 2352 364 2437 quod
405 2353 527 2438 plantae
565 2373 660 2438 super
705 2352 795 2417 illam
840 2357 963 2418 terram
999 2353 1078 2418 folia
1122 2359 1156 2420 et
1199 2343 1324 2420 fructus

277 2473 410 2518 excusse
448 2453 633 2531 dimittunt,
676 2453 716 2519 de
755 2452 847 2538 cujus
884 2453 1084 2540 pinguedine
1112 2477 1171 2541 per
1199 2457 1324 2523 radices

277 2554 445 2620 humorem
468 2561 678 2642 vegetantem
708 2554 852 2620 trabunt
899 2556 1009 2621 Verba
1037 2556 1140 2644 igitur
1168 2559 1323 2644 praedioa

276 2655 377 2722 tionis
399 2662 434 2722 et
455 2657 605 2742 exempla
618 2661 739 2721 sanctae
759 2656 1015 2722 conversationis
1038 2679 1150 2723 eorum
1172 2660 1324 2725 cordibus
1365 2699 1370 2706 ·

275 2779 417 2844 praesens
440 2763 474 2824 et
503 2759 598 2836 fixus,
623 2757 765 2844 Spiritus
789 2757 902 2824 Sancti
924 2758 1009 2824 flatu
1030 2781 1190 2839 excussus,
1215 2761 1323 2830 dictus

275 2862 431 2948 magister
448 2861 577 2941 influat,
593 2861 635 2925 de
656 2860 774 2945 quibus
789 2865 981 2946 accepturus
996 2868 1047 2926 est
1061 2863 1210 2942 carnalia,
1234 2865 1322 2931 unde

275 2961 382 3043 vivat;
417 2967 451 3028 et
484 2962 569 3028 sicut
607 2961 644 3026 in
677 2963 783 3027 literae
814 2968 934 3028 vestrae
973 2967 1088 3028 tenore
1125 2965 1320 3046 continetur,

275 3065 425 3130 collectus
459 3086 480 3128 a
512 3085 565 3129 me
587 3068 695 3130 totum
718 3085 752 3128 se
774 3063 907 3148 colligat
937 3063 981 3128 ad
1008 3065 1227 3133 ministerium
1251 3067 1322 3134 Deo

275 3172 406 3253 gratum
439 3166 522 3231 mibi
554 3171 588 3231 et
625 3165 765 3232 ecclesiae
797 3164 1028 3244 Lincolnieusi,
1065 3167 1183 3233 devote
1216 3171 1322 3253 quoad

275 3268 399 3334 vixerit
432 3274 467 3335 et
497 3267 638 3334 fideliter
669 3266 899 3334 exhibendum.
944 3267 1023 3334 Non
1052 3269 1190 3336 tondeat
1210 3271 1322 3337 lanam

275 3377 309 3438 et
342 3371 392 3437 lac
424 3371 578 3458 mulgeat,
613 3391 753 3456 ovesque
785 3369 936 3435 dimittat
972 3368 1124 3457 luporum
1160 3375 1322 3440 morsibus

274 3474 453 3550 laniandas,
488 3496 530 3538 ne
561 3472 653 3551 forte,
678 3473 765 3557 quod
787 3472 883 3550 absit,
907 3471 948 3537 de
970 3472 1035 3538 illis
1060 3473 1106 3540 sit
1134 3477 1321 3561 pastoribus

136 3562 140 3568 ¹
274 3578 393 3664 quibus
426 3599 484 3664 per
522 3575 724 3641 Ezechielem
761 3574 843 3640 dicit
866 3573 1042 3653 Dominus:
1075 3575 1148 3643 Lao
1179 3580 1424 3650 ternodo-Erech.

275 3679 361 3746 botis
395 3686 424 3745 et
459 3677 553 3746 baie
586 3675 843 3762 operiebamini,
875 3683 907 3743 et
947 3677 1037 3764 qood
1067 3699 1221 3748 erasmum
1249 3690 1322 3750 erat
1331 3666 1422 3719 ¹¹¹³*
1434 3673 1458 3720 ³·

272 3781 477 3861 occidebatis,
516 3801 647 3866 propera
687 3787 803 3846 autem
850 3800 966 3846 mara
1003 3801 1076 3848 oea
1109 3782 1296 3867 pascebatis
1306 3811 1321 3866 ;

273 3887 331 3952 sed
353 3908 371 3950 e
393 3885 565 3964 contrario,
589 3904 663 3949 oum
679 3883 821 3948 Domino
843 3905 920 3949 oves
942 3883 1131 3952 Dominieas
1153 3893 1265 3974 pascat
1288 3896 1322 3958 et

273 3988 429 4055 accubare
451 3987 566 4067 iaciat;
590 3986 679 4072 quod
701 3986 851 4073 perierat,
867 3987 1030 4072 requirat3
1053 3989 1143 4074 quod
1157 3991 1322 4077 abjectum
1376 4007 1379 4011 ’

273 4097 353 4170 erat,
376 4090 527 4169 reducat3
557 4094 592 4154 et
617 4089 707 4174 quod
727 4088 868 4155 fractum
890 4088 1015 4168 fuerat.
1030 4090 1151 4177 alliget,
1176 4099 1210 4159 et
1231 4095 1321 4181 quod

274 4193 449 4271 infirmum,
466 4192 655 4270 consolidet,
673 4198 707 4257 et
729 4191 816 4276 quod
837 4191 961 4277 pingue
983 4197 1018 4258 et
1038 4193 1131 4273 forte,
1148 4198 1318 4278 custodiat,

156 4373 161 4380 .
273 4303 308 4363 et
341 4302 452 4382 pascat
481 4287 554 4360 ilias
587 4295 624 4359 in
653 4293 778 4379 judicio
810 4298 845 4358 et
873 4293 1008 4380 justitia
1015 4318 1023 4372 ;
1056 4317 1116 4362 neo
1146 4298 1320 4367 abhorreat

271 4406 405 4488 propter
425 4399 602 4484 pascendas
624 4418 700 4462 oves
722 4419 743 4460 a
760 4396 865 4461 Roma
887 4396 1080 4464 descendere
1102 4399 1140 4465 in
1154 4401 1318 4490 Anglism,

271 4525 345 4568 cum
367 4509 500 4589 propter
523 4523 576 4565 eas
598 4499 804 4564 redimendas
827 4497 932 4564 Filius
955 4499 1020 4565 Dei
1042 4501 1150 4569 Patris
1173 4505 1214 4570 de
1244 4508 1319 4574 sede

270 4606 452 4692 majestatis
475 4603 678 4668 descenderit
700 4601 744 4666 ad
766 4601 982 4688 ignominiam
1012 4605 1123 4672 crucia
1172 4606 1219 4673 Et
1240 4609 1319 4696 quia

1329 4583 1476 4664 aaran

1329 4665 1427 4705 receive
1437 4671 1471 4706 no

542 4757 585 4764 ..a-.-
596 4757 623 4762 --
631 4753 842 4762 .-.......-.-.-

561 4816 717 4884 ¹potreriat]
736 4822 859 4880 poterunt,
872 4816 961 4868 C.C.C.
979 4818 1028 4869 On
