3500 5784
648 874 824 929 marona.
1200 862 1268 932 427

216 1075 275 1143 per
305 1074 384 1121 eam
439 1052 585 1121 Pulsatio
616 1074 758 1141 namque
791 1054 832 1121 fit
865 1054 902 1119 in
934 1054 1083 1120 adventu
1115 1052 1394 1142 episcopiorum

216 1178 284 1223 non
306 1158 412 1223 solum
433 1157 625 1223 reverentiae
648 1162 683 1223 et
705 1156 837 1223 honoria
852 1157 969 1244 gratia,
986 1157 1044 1223 sed
1058 1162 1098 1222 ut
1118 1157 1268 1245 populus,
1280 1135 1439 1272 ffigttffm

217 1260 311 1347 signo
333 1258 527 1347 pulsationis
557 1260 783 1345 praemunitus,
808 1264 958 1325 accurrat
980 1259 1023 1325 ad
1044 1261 1150 1346 patris
1172 1261 1270 1326 bene·
1280 1274 1339 1338 give
1349 1272 1433 1325 nouos

218 1362 404 1441 dictionem,
420 1382 495 1449 quae
517 1360 630 1427 firmat
651 1361 765 1427 domos
781 1361 933 1441 filiorum,
956 1367 996 1427 ut
1017 1362 1172 1448 parvulos
1194 1384 1270 1427 suos
1282 1341 1440 1459 fflffihe

218 1468 350 1553 portent
372 1464 415 1529 ad
437 1462 729 1545 confirmationem,
753 1468 793 1529 ut
826 1484 986 1550 pauperes
1015 1462 1205 1530 confluant¹
1227 1464 1378 1541 adpeople

220 1566 424 1635 eleemosina
457 1567 685 1653 receptionem,
714 1571 755 1631 ut
793 1565 950 1652 injuriam
986 1566 1075 1653 passi
1096 1566 1140 1631 ad
1162 1567 1272 1653 queri-

220 1670 404 1735 moniarum
450 1668 698 1755 depositionem,
738 1672 779 1733 ut
816 1667 931 1734 afflicti
975 1672 1010 1733 et
1047 1668 1193 1755 oppressi
1229 1668 1274 1733 ad
1343 1736 1353 1755 ‚

222 1768 479 1859 suscipiendam²
501 1769 764 1849 consolationem,
795 1774 835 1835 ut
871 1769 1081 1856 poenitentes,
1119 1775 1154 1837 et
1190 1794 1273 1858 pros-

220 1874 315 1961 cipne
352 1874 410 1959 qui
457 1894 524 1938 non
570 1876 710 1958 possunt
763 1871 891 1938 absolvi
928 1873 993 1938 nisi
1029 1873 1072 1939 ab
1115 1874 1272 1962 episcopo,

221 1977 264 2042 ad
300 1974 535 2043 confessionem
580 1978 614 2039 et
660 1973 702 2039 ad
745 1974 962 2041 absolutionis
998 1975 1274 2062 impetrationem

221 2078 372 2147 Debetur
401 2098 544 2163 namque
577 2076 666 2164 patri
695 2076 837 2163 spiritali
868 2078 1048 2144 secundnm
1071 2078 1276 2166 scripturam

156 2165 162 2179 ¹
222 2181 405 2262 honoratio,
428 2186 468 2247 ut
500 2179 563 2245 filii
593 2178 790 2245 honorantes
818 2178 1044 2265 jocundentur
1073 2181 1111 2245 in
1131 2182 1217 2259 filiis,
1241 2188 1276 2247 et

225 2285 261 2350 in
284 2284 337 2349 die
360 2282 520 2349 cretionis
542 2302 609 2347 suae
640 2280 870 2361 exaudiantur,
895 2282 1032 2368 vitaque
1054 2284 1174 2350 vivant
1203 2284 1274 2349 lon·

222 2387 313 2474 glore
347 2406 509 2473 superque
539 2384 653 2449 veniat
685 2384 731 2449 eis
753 2384 940 2451 benedictio
970 2385 1167 2467 aDomino,
1199 2408 1274 2473 quae

223 2494 355 2557 maneat
383 2490 420 2553 in
453 2487 638 2554 novissimo.
686 2486 889 2573 Hujuamodi
922 2489 1026 2575 igitur
1046 2490 1151 2575 patris
1172 2488 1275 2555 hono·

224 2592 310 2659 ratio
325 2614 393 2658 non
417 2591 523 2657 solum
546 2595 597 2656 est
622 2590 774 2676 quaedam
796 2591 990 2657 transitoria
1015 2592 1194 2673 veneratio,
1217 2592 1276 2657 sed
1393 2655 1397 2664 ,

224 2696 353 2783 proficit
377 2692 613 2760 honorantibus
635 2693 672 2757 in
694 2692 835 2759 salutern
856 2699 1056 2780 perpetuam
1090 2692 1275 2761 Caiatiam

226 2798 363 2865 dubium
395 2796 485 2883 quin·
511 2796 584 2881 ipsa
618 2794 808 2880 episcopalis
839 2800 874 2859 et
913 2800 1050 2881 paterna
1082 2795 1276 2877 benedictio,

224 2901 436 2987 parvrrlorum
489 2896 704 2976 confirmatis,
758 2897 961 2963 eleemosinae
1014 2900 1176 2985 susceptio
1242 2906 1277 2967 et

225 3002 366 3089 largitio,
382 3020 608 3087 oppressorum
632 3003 667 3064 et
689 2996 887 3065 afflictorum
908 3001 1097 3080 consolatio,
1112 3000 1278 3081 confessio,

226 3109 261 3170 et
283 3102 447 3170 absolutio
477 3102 514 3165 in
535 3100 695 3167 vitiorum
728 3101 930 3167 ablationem
964 3107 998 3169 et
1032 3104 1197 3169 virtutem
1228 3105 1280 3169 in-

227 3207 402 3272 sertionem
435 3208 470 3271 et
504 3204 806 3291 augmentationem
829 3205 1009 3292 plurimum
1040 3205 1279 3289 conferentes

227 3330 285 3396 per
305 3307 366 3374 hoc
387 3308 425 3372 in
446 3308 587 3373 salutem
608 3310 824 3393 perpetuaml
868 3307 1045 3375 Minimnm
1070 3315 1184 3375 autom
1205 3332 1278 3398 per·

227 3416 337 3498 petum
367 3410 482 3475 salutis
505 3412 540 3475 ot
562 3408 699 3475 virtutis
732 3409 776 3475 ad
807 3432 881 3475 eam
902 3411 1062 3489 ducentis,
1085 3413 1206 3479 melius
1228 3419 1280 3480 est

229 3518 263 3579 et
293 3513 398 3599 magis
433 3512 620 3599 eligendum
656 3512 957 3599 incomparabiliter
994 3516 1085 3580 omni
1117 3538 1157 3583 eo
1191 3519 1279 3603 quod

229 3616 337 3683 virtus
359 3616 414 3681 vel
436 3616 522 3681 salus
553 3618 677 3681 aeterna
710 3636 777 3681 non
809 3621 882 3696 est3
914 3616 1019 3703 igitur
1039 3639 1114 3683 cum
1136 3620 1279 3705 pulsatio

228 3719 265 3785 in
302 3720 453 3785 adventu
489 3728 524 3783 et
561 3717 704 3783 transitu
741 3718 883 3806 episcopi
919 3719 1070 3805 proficiat
1113 3724 1280 3807 praedictis

230 3821 334 3887 modis
368 3821 405 3887 in
435 3819 596 3886 virtutem
629 3823 663 3884 et
694 3824 852 3886 aeternam
884 3821 1032 3901 salutem,
1055 3844 1125 3889 non
1149 3825 1280 3912 pulsare

230 3930 342 3990 autem
378 3922 461 3987 nulli
498 3921 633 3987 omnino
666 3922 783 3987 afferat
820 3922 1012 4005 utilitatem,
1049 3926 1104 3991 cui
1141 3928 1280 3995 dubium

230 4030 311 4115 quin
337 4027 401 4115 pim
438 4026 627 4091 voluntates
658 4028 693 4090 et
729 4025 902 4105 virtutum,
935 4032 1133 4114 aeternaque
1163 4030 1280 4096 salutis

227 4130 399 4197 amatrices
420 4134 534 4195 tantas
554 4126 720 4193 virtutum
744 4134 778 4193 et
799 4136 934 4197 mternae
957 4130 1075 4196 salutis
1096 4132 1278 4199 ostensiones

229 4256 296 4300 non
337 4231 574 4299 contumaciter
605 4234 640 4296 et
669 4232 808 4317 superbe
841 4231 1032 4319 impedient,
1056 4234 1115 4299 sed
1136 4233 1278 4301 libenter

230 4344 265 4405 et
287 4336 475 4404 obedienter
497 4332 703 4423 expedienti

331 4690 339 4720 ¹
355 4685 493 4753 confluant]
512 4684 732 4744 conferentium.

330 4770 340 4799 ²
355 4764 546 4833 ausemtmdam]
565 4764 743 4824 sustinendum,
755 4762 843 4823 Trin.;
860 4762 1037 4827 enodandam,
1048 4763 1149 4828 (mcv
