3500 5784
427 843 494 912 28⁸
755 859 902 912 aeneum
924 861 1155 914 onoma-mm

259 1027 365 1148 repe
426 1055 504 1113 αα
526 1035 613 1102 aaut
635 1035 748 1104 David
768 1038 869 1105 msere
891 1039 1034 1127 seipsum
1055 1039 1177 1121 fecisse
1199 1039 1393 1130 ecquem
1422 1059 1477 1108 ⁶⁰⁸

364 1133 1213 1260 αΜῶαῶῶααῶῶΜΜι

261 1265 370 1320 Furmer
470 1239 652 1308 Videtur
641 1263 776 1331 meuper
807 1246 900 1330 aequi
933 1265 976 1310 ex
997 1244 1108 1311 verbie
1139 1245 1334 1312 intentionis
1354 1249 1476 1312 νοείτω

257 1349 365 1466 ζῶ.
374 1403 406 1454 of
425 1343 608 1432 propositis,
631 1344 755 1432 absque
776 1346 990 1414 distinetione
1013 1348 1153 1434 duplicis
1175 1347 1403 1436 intelligentiae
1425 1369 1475 1414 ee·

258 1467 327 1518 theo
311 1470 365 1534 opt
425 1447 568 1512 cundum
590 1447 753 1535 duplioem
782 1450 917 1515 modum
946 1450 1154 1538 praediouudi,
1178 1473 1236 1538 per
1265 1473 1300 1517 ee
1320 1449 1476 1516 videlieet

343 1537 486 1670 aaut
513 1571 573 1637 per
596 1549 765 1617 aeoidene·
757 1552 926 1640 ,qu'od
901 1573 930 1618 er
952 1553 1124 1642 eontingat
1145 1559 1304 1621 rectorem
1330 1553 1474 1640 aliquem

350 1611 567 1720 maculosae
588 1654 781 1741 paroehialis
802 1676 871 1722 non
893 1656 1123 1743 praebendatee,
1146 1679 1253 1744 neque
1277 1655 1475 1744 pertinentia

423 1757 467 1822 ad
499 1755 698 1845 dignitatem
731 1758 876 1878 aliquam
906 1759 961 1826 vel
997 1781 1204 1826 eommunam
1238 1757 1474 1826 Linoolnieneia

422 1858 555 1939 oaleeiae,
585 1881 644 1927 eeu
676 1861 837 1930 vioarium
867 1861 1032 1930 eooleeiae¹
1068 1863 1256 1952 hujusmodi
1286 1861 1473 1948 delinquere

423 1962 460 2026 in
488 1961 676 2049 hujusmodi
707 1962 841 2030 eooleeia
873 1966 929 2032 vel
960 1966 1107 2053 ejusdem
1140 1965 1282 2032 eooleeiee
1311 1964 1473 2052 parochia.

422 2065 536 2133 eodem
554 2072 678 2134 rectore
698 2067 753 2132 vel
773 2067 899 2133 vioario
921 2067 1087 2136 existente
1108 2069 1263 2134 oenonioo
1285 2073 1404 2148 vaetro,
1419 2064 1474 2131 vel

423 2168 653 2255 frequentante
672 2169 808 2236 eborum
828 2171 1057 2250 matrumve]
1079 2170 1269 2238 habente
1236 2170 1392 2236 vicariam
1415 2189 1473 2234 eeu

424 2273 565 2339 officium
588 2273 722 2360 aliquod
753 2273 907 2353 clericale,
932 2275 986 2340 vel
1018 2273 1218 2341 domicilium
1241 2274 1277 2338 in
1300 2273 1474 2360 dignitate,

423 2375 600 2463 praebenda
621 2376 677 2442 vel
697 2397 879 2456 eommuna,
902 2378 956 2444 vel
978 2379 1140 2444 existente
1170 2378 1212 2444 de
1244 2375 1382 2462 alicujus
1405 2397 1476 2442 vee-

424 2485 515 2546 trum
535 2479 669 2558 familia
692 2501 761 2545 non
781 2481 885 2567 pomit
915 2481 1086 2568 epieoopue
1108 2485 1216 2548 vester
1237 2479 1375 2566 alioujue
1396 2479 1476 2544 telis

424 2603 592 2649 exoamum
628 2582 796 2670 eorrigere,
835 2583 891 2649 vel
936 2605 1067 2650 oausam
1109 2585 1328 2670 emergentem
1372 2581 1473 2646 etiam

423 2686 552 2752 ratione
588 2683 759 2752 reotoriae⁸
794 2685 850 2751 vel
886 2685 1019 2752 vicerim
1056 2685 1246 2772 hujusmodi
1278 2683 1474 2750 deaoindera

423 2787 534 2854 Simili
567 2788 669 2854 etiam
702 2787 930 2855 ooneeoutione
963 2787 1153 2875 frequenter
1186 2786 1322 2867 eooidet,
1353 2785 1474 2852 delicta

422 2891 677 2977 praepotentium
713 2891 880 2978 impunita
916 2895 951 2957 et
988 2891 1170 2957 inoomecte
1214 2909 1354 2970 manere,
1392 2888 1473 2954 dum

421 2997 535 3059 tamen
571 2993 698 3060 aecidat
731 2994 860 3060 eosdem
894 2997 1114 3082 praepotentee
1144 2993 1181 3058 in
1212 2993 1356 3058 rationes
1387 3013 1472 3080 prm-

421 3097 666 3162 nominatorum
679 3097 830 3176 inuidere,
845 3097 901 3164 vel
922 3097 958 3161 in
980 3095 1147 3185 praedietis
1168 3095 1249 3162 loeie
1263 3095 1473 3181 delinquomJ

421 3199 592 3286 eontinget
623 3199 712 3266 enim
745 3198 938 3287 plerumque
971 3199 1060 3286 quod
1091 3199 1207 3265 deoani
1237 3198 1292 3266 vel
1324 3197 1472 3264 eanonioi

420 3307 566 3388 poteatee
587 3301 698 3367 minue
719 3301 915 3389 praevalebit
938 3324 1036 3390 super
1061 3301 1276 3389 praepotentia
1298 3298 1471 3380 malitiam,

420 3425 482 3470 neo
501 3405 627 3492 poterit
648 3403 844 3492 impotentia
865 3405 930 3472 rite
952 3405 1116 3472 nominari
1136 3405 1360 3492 negligentiaJ
1381 3403 1473 3472 unde

420 3506 609 3593 hujusmodi
631 3529 781 3576 exoeeaua
808 3509 965 3575 eorrectio
997 3529 1167 3594 nunquam
1198 3507 1242 3573 ad
1275 3507 1473 3595 episeopum,

420 3610 600 3676 eeoundum
621 3633 690 3691 voe,
714 3611 932 3693 devolvetur;
966 3611 1044 3697 quia
1074 3631 1180 3697 neque
1213 3631 1272 3698 per
1303 3609 1472 3698 negligen-

420 3713 504 3779 tiam
525 3717 680 3796 vestram,
703 3735 779 3779 oum
809 3713 903 3779 nulla
924 3713 960 3778 in
983 3713 1044 3778 tali
1065 3733 1143 3779 oeeu
1168 3713 1291 3800 poterit
1313 3713 1470 3799 reputari,

419 3836 525 3904 neque
562 3838 622 3905 per
657 3815 919 3903 appellationem,
955 3837 1030 3881 eum
1066 3815 1145 3882 tolie
1178 3815 1372 3902 delinquens
1404 3835 1471 3881 non

420 3924 512 3986 curet
533 3919 577 3984 ad
598 3923 811 3985 eorreetorem
845 3917 1018 4007 appellere
1064 3917 1153 3984 Sunt
1175 3916 1320 3983 ιιιιιιιιιιί8
1341 3939 1471 4005 quoqne

420 4043 570 4090 exoemue
591 4021 726 4109 quidam
759 4020 880 4107 quibua
913 4041 1091 4110 eongruam
1124 4041 1257 4108 poenam
1290 4021 1377 4086 eolue
1403 4020 1472 4108 epi·

420 4147 536 4214 eoopue
556 4128 668 4213 potest
681 4123 852 4212 infligam
874 4129 992 4212 utpote
1007 4143 1157 4190 exeeeeue
1172 4123 1292 4211 quibua
1313 4121 1472 4192 debetur‘

419 4253 520 4320 poena
556 4227 782 4295 destitutionis
820 4232 855 4293 et
893 4227 1160 4316 degradationier
1205 4225 1358 4316 nunquid
1405 4247 1471 4291 non

419 4333 562 4424 epiaoopi
593 4336 645 4400 eat
675 4329 865 4417 bujuamodi
897 4351 1046 4398 exoeeeue
1082 4329 1200 4419 punire
1236 4333 1272 4397 et
1303 4327 1472 4418 puniendo

452 4657 873 4729 ¹m.‚a0ee2]0m.o.c.c.
1000 4653 1420 4727 wmcocmoo„
1459 4721 1463 4726 ,

451 4743 562 4793 ’ram
572 4741 918 4806 mammaeae,
1001 4751 1138 4821 σῶαι]
1156 4749 1337 4812 amuco.

418 4820 886 4902 communionemque..
1002 4821 1011 4828 ·
