3500 5784
445 873 510 938 216
768 889 915 939 aoerrrr
937 887 1168 940 oaossrrusru

444 1065 617 1150 imponant
649 1067 795 1152 tempore
827 1065 944 1151 gratiae
980 1063 1203 1132 saoerdotibus
1237 1065 1370 1144 Christi,
1399 1065 1493 1151 quod

444 1189 535 1253 reges
566 1167 704 1254 gentiles
735 1166 977 1232 abhorruerunt
1007 1167 1182 1254 imponere,
1220 1168 1354 1255 quidam
1391 1190 1494 1234 saeer-

444 1268 577 1334 dotibus
600 1269 730 1334 Veteris
751 1269 963 1349 Testamenti,
988 1269 1124 1356 quidam
1145 1269 1247 1335 etiam
1269 1269 1493 1336 saoerdotibus

444 1369 531 1437 idoli
578 1371 633 1436 Ad
648 1370 718 1437 haee
740 1371 825 1436 siout
847 1371 884 1435 in
898 1371 984 1436 libro
999 1371 1220 1438 Numerorum
1241 1373 1399 1459 scriptum
1421 1378 1493 1453 est3

276 1475 424 1596 {ruffi}
446 1472 607 1539 Dominus
641 1473 725 1539 talu
755 1471 894 1540 Levitae
923 1495 947 1539 u
974 1472 1070 1559 fitur
1104 1473 1216 1541 leuel
1248 1481 1280 1542 et
1309 1473 1349 1541 de
1379 1473 1493 1542 medio

438 1575 600 1661 filwmuu
629 1573 750 1656 Israel,
784 1596 851 1662 pro
888 1573 987 1643 ommi
1011 1575 1243 1664 pomaopeaito
1280 1575 1344 1665 qut
1379 1576 1493 1664 operit

443 1676 627 1744 auvam
612 1699 656 1744 rsa
678 1675 774 1764 filiis
803 1675 923 1755 Israel,
969 1677 1011 1744 de
1041 1678 1162 1764 quibus
1184 1679 1285 1745 etiam
1319 1679 1493 1746 discretive

276 1781 383 1902 rpem?
366 1785 402 1838 ιιἰ
442 1780 624 1867 subjungit,
664 1779 782 1858 dicens,
821 1786 990 1867 ematque
1026 1779 1153 1847 Luritoe
1181 1779 1258 1848 aar.
1315 1781 1353 1848 si
1389 1782 1493 1868 igitur

442 1883 507 1948 viri
544 1881 752 1948 ecelesiastici
775 1901 865 1948 nuno
890 1885 1038 2000 tempore
1059 1883 1176 1970 gratiae
1197 1883 1339 1971 gaudere
1370 1882 1493 1950 debent

442 1985 561 2070 aequaii
599 1984 773 2072 privilegio
809 1984 864 2050 vel
900 1983 1017 2070 majori
1055 1985 1182 2050 Levitis
1219 1985 1350 2052 Veteris
1378 1985 1492 2051 Testa-

441 2088 554 2164 menti,
592 2085 713 2152 sublati
756 2089 834 2151 sunt
865 2106 954 2152 nuno
989 2086 1032 2152 de
1068 2087 1177 2153 medio
1213 2089 1334 2154 residui
1369 2087 1492 2175 populi,

273 2193 480 2254 humanat
523 2210 590 2253 non
622 2189 667 2254 sit
696 2187 785 2255 stetu
815 2187 974 2274 popum,
1005 2188 1056 2254 ete
1092 2195 1123 2254 et
1158 2189 1317 2256 racemos.
1363 2189 1428 2256 Sed
1462 2189 1491 2254 ai

442 2313 516 2359 oum
547 2290 672 2378 reliquo
695 2291 818 2379 populo
850 2291 999 2356 sacerdos
1025 2289 1197 2377 judieatur
1220 2315 1242 2357 a
1263 2291 1356 2372 laioo,
1378 2291 1491 2377 imple-

441 2401 513 2460 tum
537 2393 646 2460 estid
672 2393 840 2480 propheta
854 2391 1060 2472 vaticinium,
1076 2393 1305 2480 praenuncians
1328 2394 1490 2481 dejectum

440 2497 664 2574 sacerdotium,
703 2501 733 2562 et
766 2495 832 2561 eat
876 2493 965 2561 eiua
994 2495 1155 2582 populeos,
1188 2495 1237 2562 sto
1273 2503 1304 2562 et
1332 2495 1493 2562 aooerdos.

440 2598 611 2677 Praeterea,
636 2598 664 2663 si
687 2598 860 2663 discretive
883 2597 966 2664 dioit
988 2597 1162 2678 Dominus,
1185 2604 1350 2685 eruntque
1364 2597 1490 2664 Levitae

439 2702 515 2780 mei,
539 2723 607 2767 non
628 2699 787 2786 relinquit
808 2721 862 2765 eos
884 2698 1049 2785 subjectos
1074 2699 1209 2766 alterius
1241 2701 1407 2787 potestati.
1452 2699 1490 2766 Si

439 2806 527 2870 enim
551 2803 677 2870 Levitae
703 2806 813 2868 essent
838 2801 975 2867 alterius
996 2823 1095 2887 quam
1118 2802 1190 2882 Dei,
1214 2824 1282 2867 non
1303 2802 1427 2868 dieeret
1448 2803 1491 2868 de

438 2906 489 2972 his
516 2907 698 2984 discretive,
724 2910 891 2991 eruntque
914 2903 1040 2970 Leuttoe
1063 2904 1141 2970 aar.
1192 2903 1231 2970 Si
1243 2904 1348 2991 igitur
1363 2905 1491 2971 Levitae

439 3016 517 3073 sunt
548 3009 594 3074 sie
618 3006 689 3084 Dei,
714 3006 803 3093 quod
826 3006 963 3071 alterius
985 3007 1143 3092 potestati
1168 3026 1237 3072 non
1258 3007 1490 3092 relinquuntur

439 3110 585 3195 subjecti,
602 3130 669 3173 non
691 3107 814 3195 poterit
834 3107 986 3173 secularis
1009 3111 1155 3195 potestas
1173 3108 1321 3194 judicare
1344 3109 1487 3189 Levites,

439 3211 517 3298 quia
555 3211 661 3276 omnis
707 3209 764 3296 qui
802 3210 973 3295 judicatur
1007 3209 1190 3296 judicantis
1226 3216 1285 3290 est,
1324 3232 1364 3277 eo
1400 3211 1490 3298 quod

438 3314 479 3379 de
494 3317 659 3401 potestate
679 3311 769 3377 iliius
791 3317 843 3377 est
852 3309 871 3378 ¹.
910 3309 1077 3377 Seoulares
1099 3311 1202 3400 igitur
1219 3311 1347 3397 judiees
1366 3313 1489 3380 elerum

433 3414 629 3502 judicantes,
668 3414 829 3501 erigentes
874 3413 1032 3479 oervioem
1080 3419 1116 3480 et
1151 3413 1338 3481 mieaneum
1374 3422 1490 3481 oontm

437 3519 553 3596 Deum,
586 3520 747 3604 usurpant
778 3521 817 3581 ut
850 3536 947 3580 suum
981 3515 1068 3602 quod
1095 3515 1185 3581 Deus
1217 3517 1281 3582 sibi
1306 3519 1490 3584 reservavit

437 3625 596 3707 tanquam
633 3619 808 3705 proprium.
854 3617 980 3683 Proeter
1015 3617 1086 3683 haeo
1115 3618 1221 3683 omnis
1251 3618 1369 3705 judex,
1398 3621 1488 3686 unda

432 3723 538 3808 judex
560 3720 641 3799 est',
666 3721 804 3808 dignior,
828 3725 862 3785 et
886 3719 1040 3806 superior,
1063 3723 1099 3784 et
1120 3720 1225 3806 major
1254 3726 1305 3787 est
1330 3743 1370 3786 eo
1391 3743 1487 3809 quem

432 3825 583 3911 judieat3
613 3828 759 3910 potestas
787 3822 892 3909 igitur
919 3821 1044 3887 laimlis
1071 3821 1162 3887 unde
1190 3822 1314 3888 olerum
1346 3823 1488 3909 judieat,

436 3927 522 3993 clero
544 3949 578 3992 se
600 3925 774 3991 constituit
804 3923 997 4010 digniorem,
1020 3923 1227 4010 superiorem,
1250 3927 1296 4012 et,
1311 3925 1489 4011 majorem

437 4051 511 4095 oum
548 4029 726 4094 seeundum
760 4025 908 4092 ordinem
937 4047 1047 4090 rerum
1079 4027 1230 4113 proximo
1263 4027 1325 4093 sub
1348 4028 1420 4094 Deo
1442 4031 1489 4096 sit

437 4130 569 4197 ecelesia
598 4128 814 4212 triumphans,
841 4133 876 4193 et
912 4127 975 4192 sub
1008 4127 1122 4192 divina
1154 4134 1319 4216 potestate
1339 4135 1488 4217 potestas

436 4232 672 4320 triumphantis
703 4229 853 4310 eeclesiae,
884 4228 945 4294 sub
978 4249 1044 4314 qua
1076 4229 1226 4315 proxima
1258 4237 1309 4296 est
1341 4238 1488 4318 potestas

436 4335 569 4402 oleri‘et
592 4333 773 4412 sacerdotii,
796 4332 954 4398 collocata
968 4331 1005 4395 in
1026 4331 1141 4397 infimo
1162 4337 1327 4418 potestate
1349 4335 1487 4401 senuna·

434 4443 469 4504 et
500 4436 647 4522 subjecta
678 4435 837 4522 potestati
873 4433 952 4501 oleri
984 4438 1019 4498 et
1050 4434 1229 4500 saeerdoti'a
1276 4434 1487 4506 Constituere

464 4675 471 4706 ¹
490 4675 595 4742 0002.
607 4675 697 4726 inserts
708 4671 974 4740 superaritimet,
987 4669 1092 4722 01.haa
1100 4673 1256 4738 etpoteatatia
1264 4671 1486 4726 ιῖἱὶιιιῆιιίῑὶὶιιι

463 4755 473 4784 ²
490 4753 648 4820 undejudeae]
667 4769 716 4805 om.
728 4751 819 4806 (20.st
