3500 5784
659 887 838 938 nrmrons.
1206 872 1269 936 401

224 1059 421 1137 constitutis,
446 1059 567 1147 singuli
589 1061 632 1126 ed
662 1061 807 1148 singulas
828 1059 936 1126 vineae
959 1058 1136 1147 particulas
1157 1081 1270 1148 speon-

223 1160 339 1226 landss
360 1167 395 1228 et
417 1162 656 1244 custodiendas,
679 1167 727 1242 nt,
752 1163 830 1248 quia
862 1161 1048 1249 speculator
1080 1161 1117 1226 in
1142 1184 1270 1228 summo

223 1263 361 1349 speculae
399 1266 599 1331 constitutus
636 1287 704 1330 non
741 1269 850 1353 potest
880 1264 978 1330 simul
1015 1269 1050 1330 et
1079 1263 1198 1331 semel¹
1232 1265 1271 1329 in

223 1385 335 1431 omnes
357 1367 464 1434 vineae
493 1373 604 1454 partes
626 1367 735 1432 visum
757 1367 906 1456 defigere,
929 1367 987 1432 sed
1016 1387 1106 1432 nunc
1137 1372 1270 1432 vertens

222 1487 255 1531 se
289 1467 332 1533 ad
364 1469 534 1535 Orientem
562 1469 599 1534 in
620 1475 747 1558 partem
771 1469 984 1550 Orientalem,
1007 1491 1096 1535 nunc
1118 1469 1160 1534 ad
1182 1469 1270 1534 Aus-

221 1573 310 1633 trum
347 1569 384 1635 in
420 1571 616 1652 Australem,
658 1577 692 1638 et
736 1571 888 1637 similiter
927 1571 967 1637 de
1003 1571 1153 1658 partibus
1186 1571 1268 1650 aliis,

219 1671 374 1758 nullaque
403 1695 478 1762 pars
499 1675 604 1742 vineae
640 1675 743 1762 possit
773 1673 951 1762 aliquando
988 1675 1057 1740 sine
1097 1674 1267 1762 dispendio

220 1795 327 1840 carere
342 1776 556 1842 custodientis
578 1776 805 1865 speculatione,
829 1797 887 1864 per
908 1775 1101 1842 inferiorum
1123 1777 1267 1864 speculu-

220 1881 329 1942 torum
359 1878 595 1945 adminiculum
617 1877 818 1966 compleatur
839 1878 1013 1964 cujuslibet
1034 1879 1138 1966 partis
1160 1879 1267 1946 vineae

221 1979 403 2045 continua⁹
440 1983 595 2062 custodia,
628 1981 717 2068 quod
748 1980 902 2069 compleri
932 2003 999 2046 non
1032 1982 1135 2068 possit
1166 1981 1267 2045 solius

218 2063 413 2167 superioris
434 2085 645 2171 speculatoris
688 2083 865 2171 diligentia
911 2083 1112 2171 Hujusmodi
1156 2083 1268 2170 itaque
1280 2083 1389 2151 Though

219 2183 401 2268 spemrlator
434 2186 477 2251 ud
499 2187 682 2253 custodiam
715 2188 820 2252 totius
854 2184 961 2252 vinese
995 2186 1196 2252 constitutus
1229 2186 1265 2250 in
1277 2151 1424 2272 ffifffo‘

219 2286 377 2372 superiori
399 2289 627 2376 speculatione,
657 2309 766 2354 nonne
800 2285 954 2354 necesss⁸
986 2288 1096 2369 habet,
1130 2290 1159 2352 si
1189 2283 1399 2402 vult‘heoeffl

218 2388 308 2474 apud
330 2389 510 2455 Dominum
531 2391 636 2457 vineae
666 2395 796 2457 reatum
832 2411 900 2456 non
933 2391 1105 2469 incurrere,
1140 2365 1315 2477 quanu'⁸
1399 2369 1425 2414 n,

218 2495 327 2576 potest
348 2492 500 2579 diligenti
521 2492 713 2580 frequentia,
736 2515 824 2560 nunc
845 2493 883 2558 in
911 2492 996 2559 hanc
1017 2500 1152 2580 partem,
1175 2515 1264 2559 nunc

218 2592 255 2656 in
287 2593 386 2673 illam,
422 2617 508 2660 nunc
538 2595 574 2660 in
607 2596 748 2672 tertiam,
782 2601 815 2662 et
847 2617 937 2660 nunc
967 2595 1005 2660 in
1036 2602 1196 2681 quartam,
1229 2618 1264 2661 ss

217 2701 352 2775 vertere,
385 2719 559 2784 omnesque
590 2698 697 2764 vineae
718 2703 828 2784 partes
851 2703 1014 2784 quantum
1035 2703 1145 2785 potest
1168 2703 1265 2764 acuta

218 2797 437 2884 speculatione
461 2800 643 2887 conspicere
665 2805 700 2867 et
731 2800 958 2886 conspiciendo
980 2804 1216 2888 penetrarent
1237 2801 1266 2865 si

218 2899 302 2966 forte
324 2901 443 2967 alicubi
465 2902 619 2989 ingressae
641 2902 766 2968 fuerint
794 2901 981 2988 vulpecula
1003 2903 1050 2969 ad
1080 2902 1264 2969 demolien-
1276 2899 1430 2957 ⁰⁸¹¹&th

218 3001 305 3068 dum
335 3002 481 3082 vincum,
505 3005 578 3070 illas
611 3006 716 3093 possit
749 3006 865 3071 subtili
898 3005 1118 3093 speculatione
1152 3006 1264 3093 depre-

216 3104 356 3172 hendere
379 3111 413 3173 et
442 3107 657 3196 deprehensas
680 3129 791 3195 capere
812 3108 867 3173 vel
882 3109 1005 3174 saltem
1027 3108 1183 3195 abigeret
1227 3099 1397 3174 Si5⁰²h0i⁸

216 3206 337 3294 aliquis
359 3209 399 3274 de
429 3209 637 3278 inferioribus
659 3231 694 3276 se
727 3209 983 3297 speculatoribus
1014 3211 1104 3296 prius
1137 3231 1176 3276 eo
1209 3166 1414 3284 easihldiffaitf-

217 3309 474 3396 deprehenderit,
497 3314 626 3400 ceperit,
650 3313 704 3379 vel
741 3312 890 3399 abigerit,
913 3335 1022 3378 nonne
1052 3313 1110 3392 illi,
1134 3312 1192 3400 qni
1223 3313 1263 3378 de
1274 3301 1415 3429 ffiffi'

217 3417 290 3478 tota
311 3415 409 3480 vinea
430 3415 529 3480 debet
543 3416 702 3480 rationem
718 3414 863 3495 reddere,
879 3414 940 3480 hoe
960 3415 1077 3481 merito
1099 3416 1356 3502 placebitlinffie

217 3513 255 3581 Si
285 3523 396 3582 autem
424 3515 493 3604 ipse
525 3516 725 3604 praeviderit,
759 3517 888 3605 ceperit,
910 3518 966 3582 vel
995 3517 1144 3604 abigerit,
1178 3497 1363 3583 nun-'⁸²⁰⁵‘

217 3619 298 3705 quid
320 3620 356 3684 in
377 3619 437 3686 hoc
459 3619 654 3706 speculatori
676 3620 793 3685 subse
816 3622 997 3686 constituto
1019 3621 1054 3685 iu
1077 3621 1128 3684 sui
1150 3621 1263 3686 minis-

216 3722 293 3787 terii
314 3721 496 3787 subsidium
518 3721 695 3807 injuriosus
718 3721 805 3788 eritl
864 3723 939 3788 Imo
960 3723 1025 3788 nisi
1059 3723 1119 3788 hoe
1140 3722 1259 3802 feeerit,

216 3823 358 3888 Domino
391 3825 496 3890 vineae
526 3823 704 3910 injuriosus
735 3823 806 3903 crit,
833 3829 868 3890 et
905 3824 967 3891 sub
1001 3847 1035 3891 se
1073 3827 1263 3891 constitutis

215 3925 471 4012 speculatoribus
486 3926 667 4005 damnosus,
692 3947 764 3991 cunr
779 3926 814 3993 hi
837 3927 877 3992 de
900 3928 1049 4014 partibus
1063 3928 1170 3994 vineae
1193 3951 1261 3993 suae

216 4027 433 4115 speculationi
477 4027 655 4094 commissis
712 4026 853 4094 debeant
904 4029 1066 4096 rationem
1117 4029 1260 4106 reddere,

214 4130 374 4217 puniendi
404 4130 433 4194 si
455 4129 607 4196 deficiant
628 4131 665 4196 in
698 4129 863 4196 reddenda
893 4133 1074 4211 rationes
1104 4153 1169 4218 quo
1203 4131 1259 4196 de-

215 4233 304 4298 fectu
326 4233 487 4298 immunes
509 4236 597 4313 sunt,
621 4234 650 4298 si
679 4233 855 4319 superioris
877 4233 1054 4321 vigilantia
1074 4234 1205 4299 vineam
1238 4255 1260 4298 a

213 4335 425 4402 demolitione
462 4336 675 4402 conservavit.
729 4335 894 4402 Praeterea
925 4359 1035 4402 nonne
1071 4335 1259 4422 hujusmodi

248 4682 254 4713 ¹
273 4681 387 4749 eleuet]
405 4697 455 4735 om.
468 4681 559 4736 QUO.
794 4684 1013 4753 'manserem
1031 4685 1164 4737 om.'1'rin.

246 4763 399 4831 2οοιιῒίιιιια]
418 4763 560 4826 mamma,
571 4761 660 4816 (LO-C.
766 4777 768 4782 '

1059 4862 1124 4911 00
