3500 5784
714 849 892 902 marona
1267 838 1331 902 153

282 1034 402 1102 timida
437 1031 693 1120 pusillanimitas
726 1030 910 1098 consimilia
941 1030 1056 1108 facere,
1088 1031 1149 1098 ubi
1179 1029 1333 1096 imminet

283 1135 463 1225 periculum
493 1138 589 1200 tanto
611 1133 745 1220 gravius
768 1136 892 1218 quanto
914 1133 1078 1218 spiritalia
1098 1134 1226 1219 majora
1253 1138 1333 1199 sunt

282 1245 316 1304 et
337 1237 473 1304 meliora
495 1235 738 1353 corporalibus?
767 1233 956 1300 Secundum
977 1237 1176 1301 sententiam
1196 1234 1334 1301 Domini

283 1341 319 1406 ιιι
340 1339 458 1406 Exodo
491 1344 526 1405 et
558 1338 595 1404 in
628 1337 807 1418 Ezechiele,
842 1341 877 1403 et
907 1337 999 1404 beati
1021 1337 1172 1426 Gregorii
1202 1338 1327 1425 exponi
1344 1352 1457 1404 samus
1459 1352 1486 1402 ιι

283 1444 415 1522 tionem,
438 1446 550 1530 pastor
563 1440 758 1518 animarum,
775 1441 831 1526 qui
853 1440 1087 1527 praedicatione
1101 1462 1169 1506 uon
1190 1441 1360 1536 insonat,8
1346 1425 1397 1480 ¹⁸³
1406 1419 1493 1470 xxxiii

283 1546 421 1632 ipsemet
443 1542 638 1632 spiritaliter
659 1542 808 1621 moritur,
824 1547 859 1608 et
881 1548 1043 1628 quantum
1065 1543 1148 1609 ost
1138 1566 1175 1609 111
1196 1553 1499 1622 se,ovess.ureg.1n

283 1646 347 1714 sibi
384 1646 571 1713 commissas
600 1645 726 1711 occidit
773 1644 838 1724 Qui
867 1645 971 1732 igitur
999 1646 1100 1711 talem
1137 1644 1366 1737 constituit¹L
1345 1620 1499 1672 amnuit.

284 1750 467 1814 animarum
489 1753 654 1835 pastorem
676 1747 733 1834 qui
764 1746 846 1813 tuba
876 1747 1128 1833 praedicationis,
1160 1749 1226 1814 nisi
1259 1754 1389 1866 postlla
1372 1770 1421 1804 om
1433 1755 1469 1805 11

285 1853 391 1918 multa
418 1857 577 1938 tempora,
600 1851 752 1916 insonare
783 1871 851 1914 non
884 1851 1014 1936 poterit,
1049 1873 1159 1919 nonne
1190 1875 1229 1918 eo
1262 1837 1362 1940 ipsop
1345 1826 1455 1886 μηδι·

284 1960 354 2020 tam
391 1953 545 2040 praelecto
576 1975 676 2038 quam
713 1952 856 2018 subditis
893 1953 953 2018 dat
988 1954 1104 2020 mortis
1141 1977 1199 2042 per
1234 1956 1334 2043 longa

284 2061 433 2143 tempora
477 2057 682 2132 occasionem,
729 2077 770 2120 ne
815 2056 921 2121 dicam
965 2061 1119 2122 causaml
1171 2057 1333 2123 Dominus

285 2164 397 2226 noster
418 2158 442 2224 J
444 2179 516 2224 esus
533 2158 684 2224 Christus
706 2157 811 2222 vitam
833 2180 926 2224 suam
948 2159 1216 2245 pretiosissimam
1239 2161 1333 2226 dedit

286 2261 387 2327 morti
408 2261 617 2347 turpissimae,
640 2263 679 2324 ιιι
710 2261 836 2325 animas
859 2259 1066 2341 vivificaret3
1088 2263 1171 2328 dans
1203 2263 1240 2327 ιιι
1261 2263 1333 2328 ·hoe

286 2363 482 2450 exemplum,
505 2360 591 2448 quod
624 2361 707 2426 tales
730 2361 852 2427 debent
885 2361 1009 2448 praelici
1030 2368 1175 2449 pastores
1206 2365 1336 2430 anima-

286 2489 359 2532 rum
383 2466 440 2554 qui
470 2485 530 2530 nec
560 2485 691 2550 poenam
725 2487 784 2530 nec
806 2487 911 2552 genus
943 2487 1051 2551 poenae
1084 2467 1249 2553 refugiant
1274 2489 1334 2553 pro

286 2570 469 2635 animarum
492 2568 605 2633 salute.
652 2567 820 2648 Quomodo
843 2569 947 2655 igitur
968 2568 1103 2634 auderet
1124 2575 1238 2636 nostra
1258 2591 1333 2655 par-

286 2673 373 2737 vitas
409 2671 573 2758 praeficere
609 2670 646 2734 in
682 2676 847 2757 pastorem
885 2671 1058 2736 animabus
1093 2677 1189 2738 tauto
1225 2673 1333 2758 pretio

245 2823 256 2848 .
287 2774 473 2860 redemptis,
497 2773 554 2858 qui
576 2773 680 2858 magis
702 2773 809 2838 adhuc
830 2773 930 2859 longo
946 2777 1092 2860 tempore
1114 2775 1151 2838 in
1173 2776 1333 2862 pascendo

288 2875 498 2942 mortificaret
529 2896 628 2961 quam
660 2875 717 2960 qui
739 2875 950 2941 vivificaret?
994 2877 1165 2957 Quomodo
1196 2878 1334 2944 auderet

288 2980 328 3045 de
357 2978 464 3065 pretio
494 2977 662 3063 sanguinis
689 2977 770 3042 Jesu
794 2978 920 3044 Christi
941 2979 1015 3065 plus
1036 2981 1208 3047 intendere
1230 2982 1335 3048 ditare

289 3081 461 3160 hominem,
494 3102 594 3166 quam
624 3079 811 3145 animarum
841 3103 1015 3168 procurare
1047 3083 1209 3149 salutem?
1254 3084 1336 3151 Hae

288 3185 400 3270 itaque
422 3188 457 3249 et
479 3181 666 3267 hujusmodi
689 3183 838 3268 plurima,
863 3205 938 3269 quae
958 3206 1047 3250 nunc
1069 3186 1269 3253 subticemus
1292 3209 1335 3253 na

288 3308 348 3352 vos
384 3284 586 3372 prolixitatis
622 3284 723 3351 taedio
760 3285 946 3365 afficiamus,
985 3292 1132 3353 nostram
1168 3290 1336 3377 imperfec-

289 3389 413 3455 tionem
435 3387 645 3452 vehementer
667 3387 840 3466 deterrent,
863 3410 906 3454 ne
928 3390 1111 3472 animabus,
1133 3414 1193 3478 pro
1217 3393 1337 3478 quibus

290 3492 439 3558 Christus
461 3495 610 3556 mortuus
625 3497 683 3570 est,
699 3513 767 3556 non
789 3490 925 3557 idoneos
947 3493 1086 3559 scienter
1101 3499 1136 3560 et
1157 3495 1337 3580 prudenter

290 3595 505 3682 praeficiamus
526 3597 681 3679 pastores,
707 3598 744 3658 ut
773 3593 925 3659 homines
945 3596 1096 3677 ditemus,
1120 3597 1174 3663 vel
1197 3599 1337 3678 homini-

237 3703 245 3722 ‘
289 3699 351 3764 bus
372 3697 566 3783 placeamus,
590 3701 624 3760 et
650 3694 696 3762 sic
718 3698 896 3762 secundum
918 3719 1031 3763 vocem
1053 3698 1213 3787 Apostoli,
1248 3699 1336 3768 servi
1350 3712 1436 3768 Gali.
1451 3719 1488 3766 ιο.

292 3797 420 3867 caasa
464 3817 538 3863 ooo
583 3796 701 3864 simos.
756 3798 837 3863 Ideo
885 3801 1056 3867 sanctitati
1100 3810 1221 3871 vestrae
1263 3810 1337 3870 tota

290 3907 400 3968 mente
413 3900 604 3986 viribusque
626 3899 777 3966 omnibus
795 3901 1022 3988 supplicamus,
1038 3911 1202 3990 quatenus
1223 3929 1335 3995 supra-

291 4007 380 4072 dicto
424 4003 537 4071 comiti
589 4001 761 4069 efficaciter
811 4005 1046 4090 persuadeatis,
1091 4013 1130 4074 ut
1181 4010 1336 4077 idoneum

291 4110 432 4196 aliquem
468 4107 512 4172 ad
548 4107 745 4193 supradicta
776 4107 918 4174 ecclesias
950 4110 1096 4195 regimen
1138 4118 1337 4199 praesentet3

289 4211 437 4297 alioquin
465 4214 583 4276 vestrae
621 4208 798 4289 sanctitati,
830 4231 905 4296 quae
942 4213 1048 4278 multa
1084 4220 1195 4300 potest
1230 4215 1336 4282 facere

290 4314 381 4380 licita
407 4333 481 4399 quae
511 4317 625 4378 nostra
656 4311 857 4398 imperfectio
889 4335 959 4378 ιιοιι
989 4314 1093 4402 possit
1123 4317 1189 4382 nisi
1221 4318 1336 4386 illicite

290 4417 403 4498 facere,
418 4414 683 4481 commendamus
698 4413 855 4501 quicquid
877 4413 938 4482 has
951 4417 1024 4484 vioe
1044 4419 1089 4485 ad
1110 4441 1170 4485 nos
1183 4421 1336 4508 pertinet,

623 4742 630 4773 ¹
647 4741 784 4810 οοιιιιιιιιι]
800 4743 942 4804 commulat,
953 4743 1004 4796 διὰ
