3500 5784
483 814 547 881 386
807 828 954 877 333333
976 827 1205 877 3333333333

483 1016 594 1081 3111331
616 1022 701 1093 sunt,
719 1014 832 1081 baculo
855 1015 1019 1103 pastorali,
1034 1016 1070 1081 id
1092 1020 1151 1094 est,
1173 1011 1280 1101 rigore
1302 1012 1529 1079 ecclesiasticae

484 1114 669 1204 disciplinae,
693 1118 904 1204 percutiendo
926 1123 962 1183 et
982 1118 1171 1205 puniend0;
1193 1121 1229 1182 et
1249 1116 1295 1181 sic
1316 1116 1533 1201 devoragine

484 1220 642 1285 vitiorum
679 1224 714 1285 31
750 1226 915 1307 potestate
952 1220 1076 1287 diaboli
1107 1240 1228 1298 eruere,
1260 1220 1323 1285 etsi
1354 1222 1533 1304 oonarrgat

484 1321 664 1387 adversitas
700 1322 858 1387 suscitata
890 1344 950 1408 per
979 1322 1147 1387 diabolum
1179 1322 1335 1386 adversus
1356 1320 1534 1407 prelatum

484 1428 655 1491 conantem
679 1426 802 1511 eripere
824 1424 969 1491 animam
992 1425 1155 1503 devitiis,
1186 1446 1229 1489 ne
1250 1423 1353 1511 possit
1373 1444 1432 1509 per
1451 1442 1533 1487 eum

484 1528 585 1613 eripi;
619 1532 714 1593 tanto
752 1528 869 1593 fortius
900 1527 1139 1615 apprehendere
1169 1527 1268 1593 debet
1297 1526 1460 1613 praelatus,
1496 1530 1534 1591 et

483 1630 654 1695 adnullare
686 1652 816 1695 omnem
865 1631 1086 1696 adversariam
1130 1634 1328 1717 potestatem
1372 1628 1533 1695 adversus

485 1732 602 1798 salvat'
576 1737 701 1798 tronem
724 1733 907 1797 animarum
930 1753 964 1798 se
985 1732 1206 1798 extollentem

317 1838 453 1891 Arnum
529 1838 675 1903 David
666 1862 702 1903 111
728 1838 861 1927 propria
881 1860 1020 1926 persone
1041 1840 1181 1927 propriis
1195 1839 1321 1905 viribus
1335 1838 1532 1926 proprioque

316 1908 454 2025 mm
483 1938 593 2005 labore
630 1940 789 2026 praedicta
817 1940 985 2007 saciebat¹.
1046 1942 1125 2007 Non
1151 1942 1255 2028 igitur
1280 1964 1339 2059 per
1367 1940 1532 2025 subjectos

316 2040 453 2157 11ῑέἓώ
483 2042 547 2107 sibi
571 2048 718 2129 pastores
745 2044 857 2127 solum,
874 2048 915 2108 ut
940 2044 1046 2122 aiunt,
1062 2044 1120 2110 sed
1135 2048 1170 2109 31
1185 2066 1243 2131 per
1256 2045 1398 2131 seipsum
1419 2048 1533 2130 potest

317 2173 413 2237 inghis
483 2150 517 2211 et
541 2146 639 2211 debet
662 2146 832 2233 episcopus
856 2146 984 2211 animas
1007 2147 1048 2211 de
1073 2168 1173 2233 grege
1198 2146 1363 2212 dominico
1385 2146 1532 2211 sublatos

316 2238 443 2370 ξὴθὲὶὴῧῖ
483 2247 540 2335 p'er
564 2249 813 2315 ecclesiasticam
840 2249 1046 2334 disciplinam
1069 2248 1214 2314 liberare
1260 2249 1466 2315 Credendum
1480 2254 1533 2313 est

315 2371 472 2425 hamunde
484 2350 572 2437 quod
601 2350 743 2416 multum
759 2356 957 2438 acceptasset
987 2351 1154 2433 Ι)331ι1,3ι
1178 2352 1252 2438 quis
1281 2352 1323 2417 de
1344 2350 1532 2438 pastoribus

315 2436 377 2499 nm,
483 2454 547 2519 sibi
572 2453 737 2519 3313311113ἰ
738 2452 973 2538 ‚adjunctis
963 2474 1001 2517 1n
1023 2453 1075 2518 sui
1100 2453 1208 2518 oneris
1230 2454 1473 2519 alleviationem
1488 2452 1532 2517 ad

483 2556 680 2644 pascendum
710 2576 850 2643 gregem,
882 2555 1024 2621 33131333
1051 2577 1073 2620 3
1102 2555 1195 2622 leone
1223 2556 1278 2621 331
1300 2576 1376 2621 urso
1399 2561 1530 2643 captum

483 2660 522 2725 dc
549 2682 604 2725 ore
630 2680 747 2725 333333
776 2657 923 2736 33313331,
946 2662 982 2723 31
1010 2659 1119 2745 ipsum
1143 2658 1256 2723 David
1288 2658 1326 2723 in
1359 2660 1421 2724 hoc
1449 2680 1533 2744 prse-

482 2762 633 2829 venisset.
680 2760 746 2827 sed
770 2761 850 2847 quid
874 2759 1131 2847 3313313313331,
1159 2760 1253 2827 siad
1274 2782 1406 2848 gregem
1440 2762 1534 2825 3331-

483 2866 553 2930 3311
583 2870 617 2931 31
647 2864 775 2930 leodem
806 2870 836 2928 et
857 2884 982 2929 arsum
1008 2862 1176 2929 tollentem
1197 2862 1337 2929 33131333
1358 2863 1399 2929 de
1420 2862 1531 2928 medio

483 2966 595 3051 propia
632 2967 770 3044 videnti,
801 2964 988 3049 statimque,
1019 2970 1059 3029 ut
1088 2966 1129 3030 de
1151 2986 1206 3030 ora
1237 2986 1356 3031 333333
1399 2972 1531 3051 captum

482 3076 611 3135 3333331
650 3069 794 3147 arietem,
836 3067 987 3153 persequi
1016 3074 1052 3132 et
1079 3072 1247 3153 percutere
1281 3068 1423 3145 conanti,
1468 3068 1531 3153 ipsi

481 3178 626 3257 pastores
650 3168 713 3234 sibi
731 3168 856 3235 subditi
871 3168 1009 3235 elevatis
1030 3169 1164 3250 baculis,
1189 3170 1353 3236 concitato
1383 3169 1531 3235 tumultu

482 3280 516 3338 et
531 3274 679 3353 clamore,
695 3271 821 3336 viribus
843 3271 996 3336 omnibus
1019 3272 1242 3338 restitissentl
1286 3272 1449 3358 Nunqoid
1462 3293 1530 3337 non

481 3374 536 3439 ille
552 3396 652 3439 manu
674 3372 777 3455 fortis,
794 3376 852 3437 aut
867 3377 963 3459 pater
989 3372 1068 3457 ejus,
1092 3374 1185 3460 quus
1210 3394 1342 3461 gregem
1365 3374 1530 3461 pascebat,

481 3474 551 3541 haeo
572 3496 757 3562 agnoscens,
773 3480 886 3541 133133
907 3482 1158 3562 praesumptores
1178 3498 1246 3542 non
1267 3482 1337 3541 tam
1360 3473 1535 3563 disciplina

483 3578 657 3642 verborum
681 3598 779 3663 quam
802 3576 976 3643 verberum
997 3578 1116 3644 acriter
1130 3578 1359 3667 corripuissetl
1402 3578 1440 3645 si
1453 3578 1533 3645 luis-

483 3683 558 3745 sent
595 3678 658 3743 sibi
696 3680 730 3743 in
769 3678 1006 3745 adminiculum
1042 3681 1196 3767 pascendi
1233 3682 1341 3769 gregn's
1384 3681 1534 3767 adjuncti

482 3787 635 3869 pastores,
670 3781 776 3845 zelum
813 3782 930 3847 salutis
965 3782 1079 3847 ovium
1127 3782 1295 3864 habentes,
1332 3786 1368 3848 31
1405 3782 1452 3849 leo
1480 3782 1536 3850 vel

483 3906 585 3950 33333
623 3882 919 3963 1311333133131333,
957 3885 1029 3971 ipso
1060 3884 1169 3949 David
1201 3886 1450 3973 superveniente
1478 3886 1535 3951 vel

484 3990 653 4074 prasente,
670 3986 778 4072 ipsum
794 3984 905 4050 David
920 3986 1048 4074 magnis
1063 3988 1257 4053 clamoribus
1271 4008 1382 4053 omnes
1397 3989 1536 4076 compel-

484 4089 607 4155 lassent
619 4088 640 4168 ⁸,
664 4094 704 4153 ut
718 4088 856 4174 ipsemet
878 4088 923 4153 ad
945 4088 1126 4155 eruendum
1141 4091 1279 4156 arietem
1293 4090 1335 4156 de
1349 4112 1405 4157 ore
1418 4092 1536 4159 bestiae

486 4194 676 4271 accurreret,
713 4195 829 4277 utpote
861 4190 919 4276 qui
948 4196 1020 4257 erat
1051 4193 1098 4257 eis
1129 4198 1163 4258 et
1193 4214 1291 4259 cursu
1322 4194 1463 4259 velocior
1499 4200 1537 4260 et

486 4294 756 4381 magnanimitate
779 4292 941 4375 audacior,
965 4300 1000 4359 et
1021 4295 1059 4359 in
1080 4316 1191 4382 pugna
1205 4318 1280 4363 cum
1292 4295 1407 4363 bestiis
1428 4298 1535 4385 magis

520 4552 528 4582 ¹
539 4550 665 4617 sumebat]
684 4564 733 4601 3ι3.
745 4550 832 4611 ’13133
851 4552 915 4612 feeit,
926 4552 976 4603 Ox.
1063 4557 1073 4584 ⁴
1089 4554 1279 4623 campellum]
1348 4558 1515 4623 repdluem,

521 4632 531 4661 ²
547 4630 663 4695 subditis]
682 4630 806 4693 subjectis,
818 4628 907 4683 C.C.O.
1031 4630 1103 4681 min.
1115 4652 1123 4691 ς
1139 4632 1324 4697 compulissent,
1335 4631 1442 4700 cmc..

521 4713 531 4743 ¹
547 4708 639 4774 emm]
660 4711 766 4770 1333333,
778 4708 849 4760 Trin.
