3500 5784
425 825 489 892 184
746 840 895 890 nonnam
917 839 1149 890 oaossrrrsrn

421 1016 534 1084 sonitu
555 1015 796 1103 medicationis
817 1017 1004 1104 ingrediens
1025 1021 1063 1082 et
1091 1016 1260 1104 egrediens
1280 1015 1475 1082 tabernacu-

422 1120 492 1186 lum
524 1119 657 1197 incedit,
690 1119 872 1204 mortisque
904 1119 1015 1206 gregis
1049 1118 1154 1185 totins
1192 1140 1269 1184 reus
1300 1124 1361 1197 cst,
1399 1139 1475 1184 cum

422 1227 555 1310 pastum
587 1220 707 1288 debeat
739 1226 773 1288 et
805 1243 873 1288 non
915 1222 1024 1302 solvit,
1065 1223 1154 1289 unde
1195 1243 1329 1311 gregem
1362 1222 1476 1288 vivere

422 1329 561 1412 oportet.
607 1323 676 1390 Neo
710 1329 850 1410 possunt
882 1347 905 1390 a
933 1326 1107 1414 participio
1137 1324 1236 1410 hujus
1272 1330 1385 1391 reatus
1415 1324 1478 1388 im·

423 1449 540 1494 munes
554 1447 630 1505 esso,
647 1427 705 1514 qui
718 1427 869 1514 precibus
892 1449 951 1493 seu
965 1429 1079 1514 pretio,
1094 1428 1195 1494 minis
1216 1449 1275 1494 sen
1296 1427 1479 1494 terroribus

425 1531 480 1596 vel
499 1529 671 1596 fallacibus
693 1530 961 1616 persuasionibus
992 1531 1046 1596 vel
1068 1530 1142 1595 aliis
1167 1530 1476 1606 machinationibus

424 1633 581 1700 nituntur
611 1631 753 1717 aliquem
785 1631 889 1698 talem
918 1631 956 1696 in
976 1632 1047 1699 loco
1072 1632 1213 1722 pastoris
1235 1632 1399 1712 collocare,
1423 1631 1477 1696 vel

424 1735 482 1822 qui
526 1733 777 1822 procurantibus
822 1755 883 1820 pro
926 1734 1054 1802 viribus
1097 1735 1166 1801 suis
1210 1757 1279 1802 non
1320 1735 1478 1801 nituntur

425 1838 590 1904 obsistere
635 1837 681 1904 Et
703 1837 782 1922 quia
804 1836 939 1903 domino
960 1840 1031 1925 regi
1044 1845 1284 1905 sacramentum
1305 1836 1479 1904 fidelitatis

425 1941 648 2029 praestitimus,
686 1961 747 2007 nec
782 1939 863 2006 satis
901 1943 954 2006 est
983 1941 1016 2006 ei
1049 1940 1155 2007 fidelis
1186 1941 1245 2028 qui
1275 1941 1373 2006 famae
1409 1961 1477 2007 suae
1564 1935 1570 1943 ’

425 2044 624 2110 detrimento
657 2048 693 2110 et
723 2042 841 2108 animae
872 2063 941 2108 snae
976 2043 1116 2132 negligit
1152 2066 1211 2132 pro
1247 2044 1383 2109 modulo
1418 2064 1477 2107 suo

425 2145 559 2211 obviare
604 2143 764 2232 periculis,
802 2144 950 2212 volentes
993 2167 1054 2232 pro
1098 2146 1232 2211 modulo
1275 2149 1390 2212 nostro
1433 2143 1477 2210 ad

425 2247 596 2314 fidelitatis
623 2246 746 2314 debitae
778 2246 1043 2314 observationem
1073 2247 1170 2335 quala
1196 2269 1369 2336 possumus
1395 2269 1477 2334 prae·

425 2349 521 2442 dictis
575 2347 700 2414 domini
744 2349 829 2437 regis
873 2348 1027 2436 periculis
1070 2351 1253 2417 remedium
1295 2371 1477 2438 procurare,

425 2457 543 2518 vostrae
567 2450 737 2517 sanctitati
759 2451 931 2518 referimus
953 2453 1042 2538 quod
1063 2452 1160 2519 famae
1182 2451 1318 2520 celebris
1339 2453 1478 2518 elamore

425 2554 633 2642 divulgatum
666 2553 874 2635 audivimus;
897 2555 977 2640 quia
1006 2555 1036 2620 ai
1057 2576 1137 2620 vera
1157 2560 1237 2622 sunt
1261 2577 1337 2642 quaa
1358 2554 1479 2620 clamat

425 2657 522 2734 fama,
546 2679 606 2745 per
637 2661 782 2722 vestram
813 2661 944 2724 tantam
975 2657 1230 2724 sollicitudinem
1266 2658 1390 2746 poterit
1422 2657 1480 2724 ad·

261 2767 392 2848 [feeling
424 2761 531 2828 hiberi
564 2759 698 2826 medela.
759 2757 890 2826 Clamat
930 2759 1045 2846 itaque
1080 2761 1169 2827 fama
1204 2762 1339 2828 celebris
1390 2760 1479 2848 quod

260 2843 345 2952 ffi‘
338 2843 414 2953 {12²⁰
426 2862 578 2928 dominus
600 2884 660 2928 rex
675 2861 808 2946 jamdiu
829 2883 931 2948 prope
952 2861 1157 2929 Wintoniam
1187 2887 1314 2930 moram
1334 2863 1421 2943 fecit,
1444 2867 1480 2930 et

261 2977 406 3048 convenia
428 2965 535 3031 adhuc
572 2961 658 3044 facit,
697 2986 773 3030 cum
809 2964 909 3029 minis
945 2969 980 3030 et
1016 2966 1206 3046 terroribus,
1238 2974 1311 3033 tum
1348 2967 1479 3034 blandis

261 3035 383 3154 ἓξὲξ,
429 3067 605 3154 promissis
659 3067 817 3154 precibus,
874 3070 909 3133 et
960 3069 1226 3154 persuasionibus
1277 3068 1480 3136 incessanter

428 3174 594 3257 temptans
617 3167 857 3234 Wintoniensis
878 3169 1020 3236 ccclesiae
1041 3176 1240 3237 conventum
1254 3172 1417 3254 inducere,
1440 3177 1480 3239 ut

428 3295 504 3340 eum
527 3277 561 3338 et
583 3292 651 3337 non
666 3271 767 3338 alium
790 3271 893 3359 eligat
913 3271 977 3338 sibi
990 3272 1029 3338 in
1050 3280 1213 3362 pastorem
1228 3282 1263 3341 et
1284 3275 1481 3364 episcopum,

429 3387 539 3461 quem¹
569 3374 638 3462 ipse
683 3374 836 3442 dominus
879 3397 940 3440 rex
984 3377 1117 3443 duxerit
1160 3377 1268 3445 eidem
1303 3379 1481 3446 conventui

324 3489 328 3502 ’
429 3477 606 3552 nominare.
653 3475 749 3558 Quod
782 3477 812 3544 si
845 3499 961 3542 verum
995 3479 1047 3558 ait,
1092 3486 1394 3569 quantumcumque
1436 3483 1482 3549 sit

429 3601 567 3668 persona
589 3602 688 3666 quam
711 3579 881 3646 nominare
902 3580 1038 3648 duxemt
1051 3583 1204 3649 dominus
1225 3606 1286 3650 rex
1306 3586 1479 3672 praecipua,

429 3705 499 3748 non
531 3683 737 3749 mediocriter
767 3684 893 3770 regiam
926 3689 961 3749 et
991 3685 1093 3750 etiarn
1123 3708 1271 3774 personae
1301 3688 1481 3755 nominatae

431 3785 484 3853 vel
517 3786 728 3852 nominandae
761 3785 886 3850 famam
920 3786 1072 3874 denigrat
1113 3795 1149 3855 et
1191 3790 1394 3871 dehonestat,
1446 3795 1482 3856 et

430 3888 572 3976 eligendi
592 3887 788 3966 libertatem,
812 3909 912 3974 quam
942 3890 1012 3975 ipse
1044 3890 1197 3957 dominus
1229 3913 1290 3958 rex
1320 3894 1481 3981 praecipue

430 3992 519 4060 tucri
540 3995 680 4069 tenetur,
704 3989 916 4056 vehementer
937 3990 1084 4071 offendit,
1109 3998 1144 4058 et
1169 3994 1207 4058 in
1236 3995 1357 4062 animae
1378 3995 1482 4082 ipsius

431 4116 499 4159 non
521 4093 685 4159 modicum
716 4091 898 4179 periculum
919 4094 1035 4181 vergit.
1081 4095 1201 4161 Vestra
1230 4096 1334 4183 igitur
1365 4097 1482 4165 sollici·

431 4197 522 4275 tudo,
557 4218 632 4282 quae
664 4194 732 4260 sola
761 4199 837 4282 post
870 4195 980 4262 Deum
1010 4197 1072 4263 hoc
1108 4203 1225 4285 potest,
1259 4200 1304 4266 ad
1339 4222 1482 4287 praecem

431 4299 703 4388 periclitationem
725 4297 821 4365 famae
844 4303 880 4364 ct
903 4299 1018 4364 salutis
1039 4300 1165 4368 domini
1189 4302 1275 4390 regis
1297 4308 1333 4369 et
1354 4305 1481 4370 ecclcsi-

432 4403 543 4470 asticae
574 4401 738 4468 libertatis
772 4406 806 4468 et
839 4401 957 4467 salutis
990 4402 1169 4469 multarum
1205 4405 1391 4472 animarum
1427 4407 1480 4494 pie

432 4504 613 4584 condolens,
646 4502 820 4592 praedictis,
843 4505 871 4568 si
903 4525 982 4568 vera
1011 4511 1098 4584 sunt,
1122 4507 1279 4573 festinum
1309 4513 1345 4574 ct
1368 4507 1483 4575 efficax

431 4612 577 4695 apponat
610 4607 798 4685 remedium,
836 4609 908 4671 tam
946 4606 1080 4673 domino
1116 4610 1187 4697 regi
1231 4633 1330 4698 quam
1367 4611 1479 4679 dicto¹

797 4752 897 4820 ¹11an
917 4753 1004 4815 uem,
1015 4753 1107 4810 c.c.c.
