3500 5784
433 838 496 903 154
756 856 902 905 sermm
925 854 1153 905 ososssrssrs

429 1030 471 1095 de
493 1030 623 1117 praefati
644 1028 779 1096 Thomu
801 1030 909 1097 clerici
940 1032 982 1097 ad
1013 1031 1186 1118 praefatam
1219 1030 1387 1096 eeclesiam
1419 1031 1477 1096 ed·

429 1133 589 1211 missione,
612 1139 781 1219 sperantes
802 1134 942 1199 firmiter
964 1134 1052 1219 quod
1076 1154 1144 1198 non
1175 1133 1271 1199 aliter
1302 1132 1475 1211 ordinabit,

429 1233 528 1323 quam
550 1236 681 1302 noverit
702 1238 886 1301 animarum
908 1237 1009 1301 saluti
1031 1236 1189 1323 prodesse,
1212 1235 1326 1301 Judioi
1348 1256 1476 1321 quoque

293 1412 299 1425 ⁸
429 1340 576 1405 omnium
597 1340 814 1426 complacere3
836 1360 944 1405 corum
961 1360 1026 1424 quo
1041 1337 1084 1404 in
1104 1338 1161 1404 dte
1171 1337 1304 1423 judicit
1319 1339 1420 1403 etiam
1436 1338 1476 1405 de

337 1451 345 1465 '
428 1442 523 1507 voto
544 1441 647 1507 otioso
669 1442 853 1507 reddituro
875 1448 921 1507 eat
940 1441 1117 1507 rationem.
1164 1441 1202 1506 Si
1225 1448 1335 1507 autem
1358 1446 1477 1507 vestrae
1571 1466 1574 1483 ·

427 1545 614 1609 sanctitatis
653 1544 830 1630 prudentia
866 1544 1006 1609 eundem
1045 1544 1207 1609 Thomam
1244 1544 1395 1609 clericum
1433 1543 1476 1608 ad

428 1646 550 1712 dictam
572 1647 737 1713 eeclesiam
760 1647 941 1712 decreverit
964 1668 1032 1711 esse
1065 1667 1124 1733 per
1146 1668 1205 1711 vos
1233 1645 1476 1713 admittendum

429 1750 521 1815 etin
543 1755 707 1835 pastorem
738 1750 991 1837 proficiendum,
1025 1750 1102 1835 quia
1134 1770 1211 1815 oves
1244 1757 1366 1815 nostrae
1399 1754 1477 1815 sunt

428 1852 549 1938 quibus
570 1853 774 1939 praeficietur,
798 1874 857 1939 pro
882 1874 1020 1937 quamm
1043 1852 1144 1917 etiam
1178 1852 1284 1917 salute
1317 1858 1475 1929 tenemur,

263 1954 316 2033 ,1,,8-
330 1954 390 2005 Jon
427 1954 606 2020 secundum
641 1955 763 2021 Christi
800 1954 985 2019 doctrinam
1024 1958 1058 2019 et
1096 1954 1291 2041 exemplum,
1315 1952 1476 2021 animam

261 2036 298 2071 '¹¹‘
313 2026 352 2071 ¹⁶⁸
423 2078 558 2142 ponere,
583 2062 619 2122 et
651 2078 718 2123 non
750 2057 958 2123 mediocriter
992 2058 1167 2123 timeamus
1199 2057 1239 2123 de
1271 2078 1384 2122 earum
1415 2058 1475 2123 sub

262 2127 414 2245 mm,
427 2159 487 2224 tali
531 2166 661 2246 pastore
708 2160 958 2246 periclitatione,
1003 2163 1043 2224 ut
1087 2160 1204 2225 saltem
1250 2160 1476 2246 quoquomodo

261 2261 538 2328 avitarumtearum
560 2262 660 2327 saluti
696 2263 918 2349 provideatur,
942 2262 986 2328 ad
1022 2263 1120 2349 pedes
1157 2268 1283 2328 vestros
1320 2262 1477 2350 prostrati

260 2328 370 2459 35:¹1²}ss
426 2386 579 2451 rogamus
601 2369 764 2450 quatenus
785 2364 922 2430 idoneus
944 2364 1085 2429 vicarius
1111 2364 1155 2429 ad
1177 2364 1297 2430 bonam
1320 2366 1475 2431 vicariam

261 2486 415 2562 cernuis
428 2469 464 2532 iu
502 2468 658 2553 saepefata
693 2467 826 2533 eeclesia
862 2467 1090 2533 constituatur.
1146 2466 1217 2547 Vel,
1249 2468 1338 2553 quod
1371 2467 1475 2533 multo

260 2553 569 2670 lssowwamplius
598 2570 777 2647 mallemus,
810 2570 838 2634 si
868 2568 942 2635 fieri
979 2574 1088 2655 potest
1124 2570 1284 2635 inoffenso
1316 2571 1400 2658 jure,
1438 2575 1478 2635 ut

259 2634 384 2746 inierint
430 2674 611 2739 constituto
634 2672 671 2737 in
692 2672 808 2738 eadem
831 2672 966 2738 ecclesia
988 2672 1105 2737 idoneo
1128 2672 1312 2739 animarum
1336 2678 1475 2760 pastore,

260 2768 394 2817 '⁰¹¹¹‘P‘ff
428 2776 641 2842 residentiam
678 2776 867 2841 continuam
904 2774 940 2839 in
983 2775 1096 2841 eodem
1133 2774 1270 2841 faciente
1304 2776 1476 2863 saepedicto
1507 2820 1519 2849 .

258 2819 340 2869 vision
345 2822 417 2871 made

258 2884 298 2936 for
308 2886 351 2937 the
429 2878 554 2944 Thomu
574 2880 697 2958 clerico,
713 2878 824 2963 aliqua
842 2898 955 2943 annua
969 2879 1138 2964 praestatio
1153 2879 1194 2943 de
1209 2879 1321 2945 eadem
1345 2878 1478 2944 eeclesia

258 2954 393 3071 {ptime
428 2983 498 3047 ,ine
531 3002 611 3047 cura
646 2980 839 3058 animarum,
862 2980 995 3045 nomine
1032 2978 1187 3067 simplicis
1221 2982 1379 3059 beneficii,
1403 3004 1478 3047 oon·

260 3086 379 3137 benefice·
426 3084 558 3149 feratur.
606 3084 726 3149 Valeat
747 3081 881 3149 sancta¹
906 3083 1086 3170 paternitas
1108 3089 1218 3149 vestra
1244 3106 1301 3170 per
1329 3090 1478 3171 tempora

426 3188 580 3275 longiora
1227 3216 1229 3223 ’

905 3464 1004 3533 LIL*

297 3664 385 3713 maor
430 3636 694 3706 destituamur
705 3634 843 3703 Robcrto’
857 3636 1020 3725 Episcopi
1031 3636 1285 3704 Liocoloiecsc's
1295 3636 1477 3705 rectoribus

518 3738 740 3819 molosorum,
772 3738 924 3818 cicuitio,
964 3738 1188 3806 sacerdotibus
1223 3740 1477 3829 parochialibus

517 3842 665 3929 ojeosdem
686 3840 837 3908 diocesia
859 3842 1003 3908 director.

260 4030 388 4083 Consecu-
473 4016 640 4082 Debentcs
674 4016 715 4079 de
746 4014 840 4080 vobis
873 4015 1035 4079 rationem
1067 4015 1187 4081 bonum
1220 4016 1363 4096 reddere,
1402 4038 1476 4103 quae

258 4099 402 4217 ffi'ffe‘,
429 4120 523 4199 ratio,
556 4118 735 4185 secrmdum
766 4116 1001 4204 Augustinum,
1038 4124 1089 4182 est
1118 4118 1234 4198 dicere,
1261 4140 1327 4184 non
1349 4124 1477 4199 tacere;

258 4236 414 4313 wicum
428 4222 508 4289 flere
528 4242 604 4287 cum
626 4220 764 4287 dicimus
786 4225 821 4285 et
845 4240 914 4285 non
946 4220 1117 4285 audimur:
1151 4222 1213 4287 sub
1235 4222 1365 4288 silentio
1386 4228 1475 4289 tmu-

258 4300 407 4418 iffi&
429 4327 492 4391 sire
515 4347 583 4391 non
605 4344 776 4411 possumus
798 4346 873 4409 quae
897 4322 992 4387 vobis
1014 4324 1095 4388 seire
1118 4328 1152 4389 ot
1174 4325 1345 4391 observare
1367 4346 1476 4391 neees-

258 4432 373 4487 Linooln.

925 4567 1158 4574 -—.---.--.
1177 4568 1306 4577 --..—-...
1329 4571 1434 4577 -.-...-...
1450 4573 1466 4577 -

810 4738 1065 4807 1ωκω]οιι.8ἰά.
