3500 5784
695 910 873 965 mmm
1245 900 1311 965 443

259 1090 434 1171 libertatis,
449 1106 524 1177 qum
539 1088 581 1154 ab
597 1086 862 1177 impositionibus
877 1090 913 1152 et
926 1082 1169 1174 provisionibus
1182 1088 1310 1153 ratione

260 1194 358 1260 ouria
380 1190 484 1258 libera
497 1190 623 1257 dudum
645 1190 760 1257 extitit
782 1195 817 1256 et
838 1190 995 1255 immunis
1009 1190 1099 1267 adeo,
1114 1190 1193 1275 quia
1207 1191 1311 1279 ipsius

259 1296 423 1382 peoulium
456 1316 573 1359 manus
604 1314 672 1359 non
705 1292 810 1379 exigit
843 1298 1039 1371 exterorum,
1061 1292 1177 1358 ineolis
1207 1294 1309 1381 regni,

260 1398 338 1463 filiis
382 1396 451 1463 suis
490 1395 622 1483 proprie
659 1396 852 1462 unientibus
890 1395 931 1461 de
966 1395 1097 1460 eadem:
1137 1396 1216 1482 quia
1258 1402 1311 1462 tot

260 1498 523 1587 oppressionibus
544 1498 702 1564 atteritur
722 1502 756 1563 et
769 1494 1012 1584 provisionibus
1032 1498 1201 1577 laoeratur,
1212 1499 1311 1585 quod,

261 1602 450 1667 sitientibus
473 1600 622 1689 propriis,
649 1599 700 1665 lae
722 1600 888 1686 porrigere
922 1599 1060 1685 cogitur,
1092 1600 1176 1687 proh
1209 1601 1310 1680 dolor,

260 1704 442 1771 alienorum
464 1708 499 1769 et
521 1706 753 1769 extraneorum
774 1702 897 1779 usibus,
919 1722 957 1767 ae
978 1702 1071 1789 genti
1092 1703 1217 1789 ignotae
1239 1725 1311 1790 per·

260 1807 400 1873 festibus
429 1806 539 1893 ampla
560 1828 620 1871 sua
641 1804 764 1871 cedunt
786 1804 992 1891 patrimonia,
1016 1827 1090 1891 quse
1123 1806 1179 1892 pia
1200 1826 1311 1890 proee-

261 1932 335 1975 rum
357 1910 450 1997 regni
472 1908 604 1974 devotio
634 1928 693 1995 pro
717 1907 821 1971 divini
855 1907 964 1972 cultus
986 1909 1255 1994 augmentatione
1277 1914 1310 1975 et

262 2012 489 2077 ministrorum
520 2010 660 2077 eeclesias
703 2031 741 2075 ae
775 2032 954 2097 pauperum
986 2010 1111 2077 Christi
1148 2016 1311 2077 sustenta

262 2115 353 2179 tione
375 2112 473 2178 duxit
511 2112 720 2178 devotissime
754 2110 957 2193 eonferenda,
987 2134 1061 2198 quae
1092 2114 1164 2199 jam
1197 2119 1311 2180 eontra

262 2216 476 2281 fundatorum
504 2215 713 2280 voluntatem
744 2220 906 2301 occupant
938 2236 1116 2303 perperam,
1139 2239 1207 2281 non
1240 2223 1313 2283 ten·

263 2324 336 2383 tum
357 2318 472 2405 ignoti,
495 2317 551 2383 sed
574 2316 763 2404 plerumque
787 2316 942 2404 capitales
964 2317 1098 2396 inimici,
1112 2325 1312 2385 remotarum

262 2420 377 2487 incolae
423 2420 601 2507 regionum,
643 2419 700 2505 qui
737 2440 805 2485 non
842 2424 978 2485 tantum
1014 2420 1169 2488 nituntur
1205 2423 1312 2489 vellus

263 2522 410 2603 avellem,
442 2522 500 2587 sed
532 2521 662 2589 vultum
696 2520 820 2608 peeoris
851 2543 920 2587 non
951 2528 1141 2610 agnoscunt,
1164 2525 1312 2613 linguam

262 2647 329 2691 non
351 2625 551 2712 intelligamt,
576 2624 762 2689 animarum
786 2646 896 2689 euram
930 2626 1114 2713 negligunt,
1137 2632 1172 2692 et
1200 2633 1313 2718 tamen

263 2727 433 2815 pemmiam
456 2728 493 2791 in
527 2748 679 2813 magnam
705 2726 799 2813 regni
821 2726 1130 2815 depauperationem
1153 2730 1313 2819 eolligunt

263 2837 297 2896 11
319 2834 497 2918 asportent.

307 2934 353 2999 Et
382 2934 446 2999 nisi
469 2930 616 2997 celeriori
639 2931 784 2996 remedio
806 2936 1004 3014 occurratur,
1029 2934 1157 3001 cautius
1180 2957 1222 3001 ex
1255 2937 1313 3003 sd-

263 3056 364 3114 verso,
396 3056 454 3122 per
484 3034 733 3111 reservationes,
767 3034 978 3121 provisiones,
1012 3037 1247 3125 impositiones,
1278 3045 1313 3105 11

262 3158 429 3225 prooessus
451 3136 536 3203 sedis
557 3136 756 3223 Apostolieae
779 3158 853 3222 quae
874 3144 1009 3225 propter
1029 3140 1167 3206 nimiam
1188 3142 1315 3230 Angla·

263 3264 337 3305 rum
352 3239 557 3327 patientiam,
572 3238 639 3304 imo
653 3240 763 3305 verius
778 3240 965 3321 stultitiam,
980 3242 1087 3307 indies
1109 3244 1250 3310 nimium
1263 3245 1313 3311 in·

262 3342 440 3420 valescunt,
456 3342 684 3421 constituetur,
701 3342 788 3429 quod
811 3343 908 3424 absit,
924 3350 1082 3431 perpetuo
1097 3347 1159 3412 sub
1174 3348 1311 3428 tributo,

264 3468 338 3533 quae
364 3445 468 3511 libera
489 3442 554 3510 fuit
585 3444 626 3509 ab
661 3446 805 3531 antiquo.
851 3445 1019 3513 Advertet
1052 3449 1156 3537 igitur
1192 3450 1313 3517 nobilis

263 3548 384 3613 militia
409 3548 601 3637 Anglioana,
624 3569 662 3613 ao
697 3548 799 3613 etiam
823 3547 1006 3617 Londonire
1028 3556 1062 3616 et
1084 3554 1190 3619 totius
1219 3554 1313 3642 regni

263 3652 481 3717 communitas
502 3654 573 3715 tam
603 3649 767 3736 praeclara,
805 3652 968 3739 praecelsae
1005 3675 1073 3720 suae
1110 3657 1226 3721 matris
1262 3658 1313 3723 in·

258 3754 390 3839 jurium,
414 3757 449 3818 et
471 3757 619 3839 resurgat
655 3752 795 3817 viriliter
831 3753 875 3819 ad
911 3754 1082 3842 repulsam.
1128 3758 1249 3825 Videat
1279 3764 1313 3826 et

263 3854 429 3943 intelligat
450 3854 479 3920 si
501 3855 614 3920 deceat
637 3857 671 3919 et
690 3854 864 3941 'expediat
887 3862 927 3922 ut
949 3858 1035 3923 siout
1056 3860 1156 3926 boves
1174 3862 1257 3949 juga
1278 3868 1313 3928 et

264 3978 341 4023 oves
363 3956 484 4023 vellera
516 3956 669 4023 nonsibi
707 3958 764 4023 sed
801 3956 875 4023 aliis
907 3958 1068 4041 deferunt,
1100 3962 1147 4029 sio
1179 3965 1312 4052 Angliei

263 4060 411 4126 conversi
422 4060 537 4138 ferant,
554 4058 609 4123 vel
631 4063 671 4124 ut
685 4058 742 4123 alii
757 4065 888 4125 metant
903 4062 991 4148 quod
1014 4064 1077 4151 ipsi
1100 4073 1261 4144 severant,
1278 4073 1313 4133 11

264 4164 309 4227 sie
332 4161 441 4228 cibam
464 4162 527 4227 sibi
549 4161 726 4227 vendicent
749 4162 807 4248 qui
830 4162 965 4230 minime
987 4166 1147 4233 laborant.
1198 4170 1244 4234 Et
1263 4178 1311 4250 ut,

264 4270 411 4331 cessante
442 4264 546 4332 totius
579 4264 666 4329 orbis
703 4270 867 4331 terrarum
899 4267 1059 4354 obloquio,
1093 4270 1311 4358 denigratum,

264 4366 345 4453 proh
383 4366 499 4455 pudor,
536 4366 721 4453 Anglorum
758 4388 879 4433 nomen
915 4370 1094 4456 ingenuum
1138 4374 1313 4460 primaevos

264 4472 373 4556 posset
388 4467 520 4534 honoris
531 4468 647 4534 titulos
661 4470 822 4549 induoere,
839 4470 975 4558 Deoque
989 4473 1164 4541 laudabilis
1179 4476 1312 4543 officiari

264 4572 374 4637 valeat
410 4572 447 4635 in
484 4571 615 4651 divinis,
653 4576 687 4637 et
723 4594 861 4659 regnum
888 4595 929 4639 ex
966 4574 1017 4641 his
1048 4578 1109 4642 fiat
1145 4582 1313 4665 potentius

264 4674 301 4739 in
341 4674 486 4740 adversis
527 4678 641 4740 eontra
675 4675 880 4763 provisorum
914 4699 1032 4743 manus
1075 4687 1110 4745 et
1143 4682 1314 4749 molimina

264 4782 299 4842 et
313 4777 514 4863 conspiratas
524 4798 747 4864 perversorum
763 4780 915 4861 malitias,
931 4782 988 4867 qui
998 4782 1191 4869 cupiditatis
1205 4786 1313 4853 oeulos
