3500 5784
708 877 889 930 unsroan
1257 857 1321 924 169

272 1053 397 1120 divinae
435 1053 518 1140 legis
553 1053 613 1118 lux
650 1074 719 1119 non
754 1053 929 1118 illuminat
988 1051 1098 1138 Igitur
1135 1072 1203 1116 non
1245 1045 1471 1116 succisurus·

272 1155 471 1243 praeficiendi
494 1156 591 1222 duces
613 1156 785 1243 spiritales,
808 1155 872 1220 nisi
904 1175 986 1241 quos
1015 1155 1074 1219 lux
1096 1155 1220 1221 diviuae
1241 1151 1323 1238 legn's
1334 1113 1480 1246 {223ss

272 1256 438 1339 illustrat;
453 1257 490 1322 in
505 1259 597 1344 cujus
619 1258 790 1346 splendore
804 1258 943 1324 videant
958 1279 1024 1344 quo
1039 1261 1214 1342 soquentes
1229 1254 1380 1320 salch
1390 1263 1480 1311 person

274 1359 463 1447 perducant,
479 1383 522 1428 ne
544 1361 751 1428 ambulantes
772 1362 809 1426 in
831 1361 977 1427 tenebris
999 1363 1034 1425 et
1055 1360 1237 1426 nescientes
1258 1313 1462 1460 quotffiu

274 1463 408 1540 vadant,
446 1463 483 1528 in
521 1464 650 1530 lorcam
686 1469 721 1531 et
757 1463 951 1530 burathmm
987 1464 1112 1551 peccati
1148 1485 1223 1528 cum
1257 1461 1325 1528 suis
1336 1447 1457 1514 manag.

275 1567 467 1653 sequacibus
498 1567 624 1632 cadant
671 1567 809 1655 Propter
840 1567 911 1632 haec
941 1567 1032 1632 omni
1058 1565 1243 1632 devotionis
1264 1566 1326 1629 hu·

276 1668 419 1734 militate
452 1668 547 1734 vobis
581 1668 807 1756 supplicamus,
832 1674 996 1755 quatenus
1018 1669 1061 1734 sd
1082 1669 1265 1755 prioratum
1286 1669 1328 1733 de

277 1770 431 1858 Monting
461 1771 562 1836 talem
586 1771 680 1836 nobis
708 1775 909 1857 praesentare
940 1773 1069 1852 curetis,
1093 1772 1152 1856 qui
1183 1778 1218 1837 et
1246 1771 1328 1858 legis

277 1874 400 1940 divina
431 1873 504 1940 luce
526 1874 615 1940 viam
637 1873 790 1939 veritatis
819 1873 934 1940 videat
967 1880 1003 1941 et
1035 1875 1221 1940 sanctitatis
1253 1873 1329 1939 reli-

276 1976 447 2064 gionisque
462 1977 576 2064 vigore
597 1997 656 2064 per
677 1998 751 2042 eam
772 1976 903 2042 fortiter
924 1976 1064 2056 incedat,
1087 1977 1329 2064 prudenterque

278 2100 397 2145 cavens
417 2077 637 2167 praecipitium
659 2099 812 2164 sequaces
833 2100 910 2144 suos
930 2080 974 2145 ad
996 2079 1149 2145 stabilem
1170 2080 1330 2166 perducat

277 2182 428 2249 sulutem.
487 2181 608 2248 Sciatis
646 2181 734 2248 enim
771 2181 862 2269 quod
898 2203 967 2247 non
1003 2181 1181 2247 audeamus
1218 2203 1329 2247 curam

279 2285 459 2372 spiritalem
493 2284 646 2370 cuiquam
677 2285 816 2362 tradere,
851 2283 917 2350 nisi
950 2285 1006 2371 qui
1038 2305 1125 2350 cmm
1146 2307 1215 2351 suae
1244 2306 1331 2350 com-

279 2387 387 2454 missis
409 2384 493 2453 sciat
514 2391 550 2454 et
571 2387 676 2476 possit
704 2387 742 2453 in
771 2389 828 2454 via
849 2387 1002 2453 veritatis
1031 2392 1067 2454 et
1098 2393 1221 2454 sanate
1253 2410 1329 2454 oon-

278 2491 474 2557 versationis
494 2490 618 2578 praeire.
665 2489 740 2556 Hoc
766 2491 866 2556 etiam
889 2497 924 2556 et
945 2495 1058 2556 vestra
1079 2495 1193 2556 sancta
1214 2489 1330 2578 religio

279 2592 431 2658 omnibus
459 2592 565 2660 modis
586 2597 622 2658 et
643 2593 770 2660 viribus
801 2593 900 2659 debet
930 2593 1055 2659 solicite
1087 2597 1256 2680 satagere3
1288 2593 1330 2658 de

278 2717 344 2781 qua
380 2716 548 2783 meremus
584 2695 673 2782 quod
717 2696 760 2761 sd
804 2695 1026 2762 imitationem
1070 2695 1207 2761 Domini
1248 2696 1332 2761 Jesu

280 2796 404 2864 Christi
426 2796 609 2864 Salvatoris
630 2798 737 2864 nostri
767 2819 836 2863 non
867 2799 973 2864 solum
1003 2798 1194 2886 paratasit,
1217 2798 1332 2864 sedet

278 2899 432 2965 ardenter
464 2883 626 2966 desideret
657 2905 692 2966 et
722 2904 841 2967 aestuet
874 2923 936 2988 pro
969 2900 1142 2967 animabus
1164 2900 1330 2966 salvandis

280 3003 473 3090 sanguinem
506 3002 650 3082 fundere,
674 3009 709 3070 et
743 3004 847 3070 vitam
880 3004 966 3070 hunc
997 3003 1210 3091 temporalem
1243 3025 1331 3070 acer·

280 3105 422 3173 bissimae
443 3111 479 3172 et
501 3107 602 3172 etiam
625 3105 824 3194 turpissimae
847 3106 948 3172 morti
970 3105 1108 3172 tradere.
1154 3105 1281 3174 valen

766 3480 835 3548 LV.

282 3653 453 3734 Botertun
477 3650 544 3720 Det
564 3651 683 3740 pretio
707 3649 966 3722 lincolniensis
984 3655 1183 3744 Episcopum,
1210 3656 1330 3724 dalem
1343 3655 1429 3704 12³⁸?

371 3755 415 3824 c'a
431 3753 565 3822 thtsto
577 3755 667 3842 filio,
684 3755 799 3822 eodem
818 3755 937 3841 pratia
951 3757 1102 3825 About*
1116 3756 1328 3828 Lca‘rcestrtoe
1341 3747 1434 3800 ’ΜΨ
1445 3750 1477 3802 ‘¹⁰

370 3857 525 3939 sunnone,
546 3856 711 3943 pretiosa,
735 3863 765 3925 et
788 3857 1060 3928 benedictiorem
1343 3813 1496 3871 cmm

328 4041 521 4128 Adjuvante
554 4038 697 4106 Domino
731 4039 900 4109 veniemus
932 4043 977 4108 ad
1009 4049 1119 4132 partes
1141 4049 1268 4111 vestras
1296 4043 1502 4161 ecffiheuaof

284 4165 512 4234 cognoscemus
535 4143 721 4209 evidentius
744 4143 784 4210 ee
806 4149 897 4210 secu
920 4117 1465 4242 n.an0n1uu0norke‚„2,⁸,g‘.3¹

284 4269 341 4335 pro
375 4246 466 4333 cujus
497 4244 608 4312 reditu
641 4245 678 4312 in
716 4245 850 4312 domum
883 4269 978 4314 suam
1009 4271 1069 4315 nos
1106 4252 1255 4338 rogastis,
1293 4257 1328 4317 et
1340 4245 1503 4370 §effi

283 4355 396 4416 utrum
430 4370 504 4415 cum
537 4369 616 4435 pace
649 4347 805 4414 abbatisb
850 4355 885 4416 et
916 4358 1099 4418 conventus
1135 4355 1176 4419 de
1214 4356 1328 4421 Dorke
1342 4399 1484 4464 ,mem

283 4453 387 4540 possit
422 4451 529 4518 adhuc
562 4473 600 4517 eo
633 4451 762 4532 redire3
800 4453 963 4519 conamini
996 4461 1107 4522 autem
1137 4459 1330 4544 persuadere
1343 4467 1456 4520 nostin

284 4553 428 4642 ejsudem
450 4553 594 4620 reditum
624 4575 683 4641 per
715 4554 943 4621 infirmitatem
969 4557 1123 4643 ejusdem,
1147 4564 1182 4624 et
1203 4561 1331 4626 senium
1346 4538 1423 4588 ¹²³⁵·

284 4663 319 4724 ct
352 4657 409 4724 diu
441 4655 661 4722 desideratum
696 4659 779 4723 mori
813 4659 850 4722 in
881 4660 979 4726 domo
1012 4683 1074 4726 sua
1098 4663 1187 4729 inter
1213 4664 1332 4730 fratres

283 4783 381 4843 suos3
410 4759 467 4826 sed
488 4764 612 4846 quanto
634 4759 795 4828 infirmior
825 4766 876 4830 est
908 4768 943 4830 et
974 4765 1082 4831 senior
1112 4767 1332 4855 corporaliter,
