3500 5784
671 897 852 948 urrsroam.
1242 883 1310 948 163

302 1071 384 1139 “le
420 1073 616 1140 auctoritate
654 1072 718 1140 Dei
756 1073 862 1138 Patris
899 1075 934 1136 et
967 1071 1073 1138 beata
1096 1069 1241 1156 Virginis
1276 1073 1310 1134 et
1323 1075 1420 1127 concil·

258 1181 276 1208 “
300 1173 456 1239 Omnium
472 1173 667 1240 Sanctarum
683 1181 717 1240 et
739 1174 912 1262 praesentis
927 1173 1073 1249 Consilii,
1089 1173 1309 1240 excommuni-
1324 1143 1408 1258 {³2¹2}

257 1282 410 1344 “carnus
433 1299 545 1344 omnes
574 1277 648 1342 illos
678 1277 737 1363 qui
771 1277 918 1342 ecclesias
951 1276 1112 1343 malitiose
1144 1298 1204 1341 suo
1232 1275 1308 1360 jure
1322 1274 1441 1354 ysilkins.

257 1385 275 1414 “
297 1380 427 1466 privare
464 1385 676 1468 praemunt,
716 1384 775 1448 aut
819 1401 878 1466 per
922 1376 1084 1444 malitiam
1128 1379 1307 1444 earundem
1322 1359 1337 1392 ¹¹
1350 1359 1373 1408 Ρ·
1387 1348 1442 1394 ⁵⁸⁵‘

257 1489 275 1526 ‘f
296 1481 464 1548 libertates
486 1483 665 1568 infringere
687 1483 742 1548 vel
763 1482 955 1570 perturbare
977 1481 1204 1560 contendunt;
1226 1483 1307 1547 item

257 1590 275 1622 ‘⁸
297 1606 409 1652 omnes
431 1585 504 1651 illos
537 1585 881 1652 excommunicationis
903 1584 1070 1650 sententia
1099 1584 1305 1665 innodamus,

257 1692 276 1726 ‘⁴
298 1689 355 1773 qui
376 1709 489 1774 pacem
512 1693 547 1754 et
578 1689 853 1774 tranquillitatem
880 1687 1006 1754 domini
1030 1677 1121 1772 regis
1148 1692 1183 1752 et
1212 1689 1306 1774 regni

257 1798 275 1824 “
297 1790 452 1875 injuriose
473 1791 666 1878 perturbare
689 1796 902 1878 praesumunt,
926 1789 1041 1874 etqui
1068 1789 1148 1875 jura
1178 1789 1306 1854 domini

258 1899 276 1927 “
297 1892 404 1979 regis¹
465 1894 588 1979 injuste
647 1894 795 1959 detinere
855 1893 1067 1958 contendunt.
1135 1892 1307 1968 Adicimus

256 2001 275 2030 “
296 2017 408 2062 omnes
430 1996 503 2062 illos
525 1996 626 2061 simili
648 1997 812 2063 sententia
833 1995 1001 2060 involutos
1024 1995 1082 2081 qui
1104 1995 1244 2060 scienter
1273 2000 1307 2059 et

257 2103 275 2134 “
297 2099 476 2186 prudenter
490 2099 609 2164 falsum
624 2100 800 2187 perhibent
814 2099 1047 2177 testimonium,
1063 2097 1118 2162 vel
1137 2097 1307 2184 perbibere

257 2205 274 2236 “
296 2207 482 2286 procurant,
505 2203 560 2268 vel
590 2201 691 2268 etiam
724 2203 782 2290 qui
813 2201 896 2266 tales
926 2205 1027 2265 testes
1061 2200 1201 2265 scienter
1233 2222 1306 2287 pro

256 2303 423 2370 “ducunt
459 2305 514 2370 vel
547 2306 728 2370 subornant
765 2305 801 2368 in
839 2325 936 2369 causa
971 2300 1213 2383 matrimoniali,
1248 2304 1306 2368 ubi

258 2412 275 2442 ‘²
297 2406 419 2472 scilicet
442 2408 551 2493 agitur
576 2414 691 2474 contra
724 2407 979 2484 matrimonium,
1003 2406 1058 2471 vel
1090 2407 1133 2470 ad
1167 2405 1305 2492 alicujus

257 2514 275 2544 “
297 2509 617 2575 exbaersdationem.²
661 2509 849 2578 Advocatos
871 2530 983 2575 omnes
1013 2529 1143 2595 quoque
1176 2530 1305 2573 excom·

257 2619 275 2646 “
298 2612 503 2678 manicemus
526 2613 583 2698 qui
608 2613 645 2676 in
679 2612 785 2678 camis
815 2609 1111 2679 matrimonialibus
1141 2611 1304 2676 malitiose

257 2714 504 2799 “exceptiones
542 2719 713 2801 apponunt
749 2713 805 2804 vel
846 2734 1008 2800 apponere
1044 2718 1229 2800 procurant,
1261 2735 1305 2779 ne

257 2816 506 2881 “matrimonia
538 2839 616 2882 vera
647 2817 796 2882 debitum
831 2815 1014 2881 sortiantur
1044 2815 1216 2899 effectum3
1249 2816 1304 2883 vel

256 2922 276 2952 “
297 2917 358 2982 ut⁸
381 2925 494 2984 contra
511 2919 679 3004 justitiam
701 2939 870 3006 processus
900 2939 1005 2984 csusae
1026 2917 1151 2982 diutius
1173 2940 1306 3006 suspen·

259 3026 279 3056 “
301 3020 407 3086 datur.

301 3129 319 3158 “
341 3123 428 3188 Item
451 3125 769 3190 excommunicamus
784 3145 898 3200 omnes
920 3123 992 3188 illos
1014 3123 1072 3209 qui
1093 3123 1202 3210 matis
1223 3122 1306 3190 lucri

257 3232 275 3257 “
297 3225 351 3290 vel
373 3227 441 3292 odii
462 3227 516 3292 vel
542 3226 662 3292 favoris
694 3226 748 3292 vel
782 3225 870 3290 aba*
903 3247 1097 3312 quacunque
1130 3225 1171 3292 de
1209 3248 1306 3297 causa

256 3332 276 3363 “
297 3326 395 3393 alicui
418 3330 578 3395 malitiose
601 3329 723 3394 crimen
738 3329 923 3414 imponunt,
939 3349 1014 3392 cum
1035 3328 1217 3396 infamatus
1238 3352 1306 3394 non

257 3438 275 3464 “
297 3431 341 3494 sit
364 3431 451 3517 apud
472 3433 574 3508 bonos
596 3437 776 3518 etgraves,
799 3436 839 3496 ut
870 3429 917 3496 sio
946 3430 1061 3504 saltem
1094 3432 1124 3496 ei
1154 3433 1306 3520 purgatio

257 3537 276 3566 “
297 3531 470 3614 indicatur,
493 3534 548 3599 vel
569 3534 634 3599 alio
656 3534 752 3599 modo
774 3538 937 3620 gravetur.

299 3639 320 3671 “
343 3634 505 3701 Praemres
527 3657 639 3702 omnes
660 3636 734 3702 illos
764 3634 1110 3702 excommunicationis
1140 3637 1307 3711 sententia

257 3742 276 3770 “
297 3737 491 3804 innodamus
512 3739 570 3825 qui
592 3745 732 3806 vacante
765 3737 899 3804 ecclesia
929 3737 1091 3803 malitiose
1124 3743 1304 3827 apponunt,

257 3843 274 3872 “
297 3839 350 3902 vel
379 3846 556 3927 procurant
579 3842 700 3928 apponi
722 3845 917 3927 patronatus
949 3840 1173 3925 quaestionem,
1197 3845 1238 3906 ut
1259 3841 1306 3906 sic

255 3945 275 3974 “
295 3961 412 4006 verum
433 3949 610 4028 patronum
632 3943 721 4007 illius
743 3944 885 4008 ecclesiae
908 3942 1090 4023 collatione,
1109 3942 1224 4008 saltem
1248 3944 1307 4008 illa

256 4047 276 4076 “
297 4043 375 4124 vioe,
414 4043 614 4110 defraudent.
676 4045 1006 4113 Exoommunicamus
1048 4045 1150 4111 etiam
1193 4067 1306 4115 omnes

255 4150 274 4181 “
296 4144 369 4211 illos
391 4146 449 4240 qui
470 4147 578 4234 gratia
599 4146 680 4214 lucri
698 4146 752 4212 vel
782 4147 848 4212 odii
871 4144 925 4212 sel
957 4147 1055 4220 aliter
1087 4153 1305 4214 contemnunt

289 4530 294 4558 ¹
313 4530 414 4596 strepui
431 4567 457 4579 ..
475 4529 551 4596 repis]
570 4545 620 4581 om.
632 4529 685 4581 sid.
836 4529 846 4557 ¹
863 4527 902 4593 ut]
919 4543 968 4578 om.
980 4528 1034 4588 Sid,

256 4607 533 4740 czegtoersdatioaem]
541 4607 752 4668 hereditationem,
838 4607 847 4636 ⁴
864 4605 931 4674 ads]
949 4607 1040 4672 eliqua,
1052 4606 1141 4659 C.C·C.

1102 4772 1123 4818 a
1146 4757 1167 4818 2
