3500 5784
642 873 818 922 emmone.
1188 858 1253 930 eet

212 1050 368 1133 expertus
400 1051 435 1114 et
467 1048 674 1126 exercitatus,
707 1053 741 1114 et
774 1047 866 1134 eujus
891 1052 963 1112 erat
991 1047 1104 1113 arietis
1133 1047 1255 1115 sublati

211 1169 289 1214 euro
312 1151 478 1236 superior3
508 1151 679 1238 ipsumque
708 1155 961 1237 praecurrentem
991 1151 1155 1216 subsecuti
1176 1149 1254 1216 fuis
1330 1227 1336 1238 .

212 1255 287 1317 sent
317 1252 436 1318 altores
467 1253 509 1318 ad
541 1253 751 1339 adjutorium,
781 1275 848 1318 non
873 1258 1093 1318 oooureessent
1121 1252 1257 1318 rebelles
1364 1289 1373 1315 ι

213 1359 248 1418 st
269 1355 446 1421 obicientes
472 1355 750 1443 impedimentum.
797 1355 852 1422 Sis
884 1355 988 1442 igitur
1021 1378 1095 1420 oum
1117 1356 1422 1443 episeopineiuerern

212 1456 318 1543 magis
339 1457 383 1524 sit
405 1479 485 1524 euro
505 1459 689 1524 animorum
711 1480 779 1524 suae
801 1459 948 1524 dioecesis
967 1479 1068 1544 quam
1089 1464 1256 1546 pastorum
1268 1431 1424 1564 ffisshffl

214 1558 410 1638 inferiorum,
433 1562 566 1648 ipseque
600 1562 644 1626 sit
674 1560 717 1626 ad
742 1561 948 1626 liberandum
977 1562 1102 1626 animes
1131 1563 1172 1626 ds
1203 1574 1363 1645 orersstffl

216 1659 321 1727 lemeis
352 1661 520 1750 mtpieodo
561 1662 741 1750 quaerentis
782 1684 881 1748 quem
918 1662 1056 1744 devoret,
1095 1668 1257 1751 potestate
1269 1634 1401 1750 ffl‘w

214 1764 397 1832 sublimiori
417 1765 589 1854 vigentior,
614 1772 685 1832 erte
707 1771 741 1830 et
762 1765 995 1832 exercitatione
1017 1767 1173 1854 peritior3
1195 1764 1282 1852 ipsit
1299 1779 1325 1829 S.
1337 1777 1391 1828 Per„

216 1873 360 1952 pastores
382 1869 412 1934 ei
435 1868 582 1954 subjeoti,
605 1869 632 1934 si
656 1869 761 1934 zelum
783 1868 909 1934 habent
930 1869 1044 1934 salutis
1066 1870 1259 1948 animarum,
1271 1863 1296 1898 v.
1308 1851 1331 1896 ⁸·

216 1968 324 2055 ipsum
346 1975 540 2057 praesentem
561 1971 664 2058 magis
694 1971 869 2038 hortentur
891 1974 926 2035 et
948 1971 1095 2037 excitant
1115 1971 1159 2037 sd
1179 1993 1262 2058 prae·

217 2073 412 2139 sumendum
435 2095 488 2139 eos
509 2074 546 2138 in
567 2075 749 2140 unimsrum
783 2073 984 2153 liberatione,
1016 2095 1115 2160 quam
1149 2073 1263 2139 salutis

218 2177 356 2262 propriae
381 2179 416 2242 et
438 2178 621 2242 enimsrum
647 2175 711 2242 sibi
736 2175 881 2242 obicient
904 2176 1095 2262 cujusquam
1126 2176 1264 2264 impedi-

217 2278 322 2343 menti
343 2279 541 2366 repagulum
823 2337 827 2346 .

264 2377 425 2446 Praeterea
438 2381 555 2467 uliquis
572 2384 741 2468 pastorum
765 2381 826 2446 sub
849 2379 961 2446 David
981 2383 1160 2468 positorum
1182 2381 1266 2447 forte
1278 2387 1390 2464 Baiter,

221 2483 383 2567 pruses
411 2483 453 2548 se
478 2483 625 2549 faucibus
648 2483 718 2570 rupi
740 2483 795 2548 ver
815 2483 953 2570 ancujus
985 2485 1120 2551 minoris
1153 2453 1432 2584 eseiaefflgf‘

222 2605 317 2649 ovem
332 2590 459 2671 captam
475 2587 594 2651 emisse
607 2611 615 2666 ;
637 2586 694 2652 sed
709 2586 749 2651 de
763 2585 912 2652 faucibus
926 2587 995 2652 ursi
1009 2586 1063 2652 vel
1085 2586 1187 2653 leonis
1201 2607 1267 2651 non
1280 2602 1321 2666 ξω
1332 2584 1434 2635 inferior

222 2692 329 2774 posset
350 2709 445 2754 ovem
466 2693 595 2775 captam
617 2710 738 2768 eruere,
753 2689 819 2753 nisi
841 2689 895 2753 vir
915 2688 1118 2756 fortitudinis
1132 2665 1418 2776 egregieempm‘

222 2789 275 2855 vel
307 2791 451 2858 sudauiss
483 2793 663 2878 preeoipuae,
691 2790 794 2876 qualis
824 2790 890 2856 fuit
918 2792 988 2878 ipse
1011 2792 1129 2870 David,
1155 2813 1270 2856 menu-

223 2890 317 2958 fortis
361 2893 538 2959 seeundum
578 2893 630 2958 sui
677 2893 819 2958 nominis
863 2893 1173 2980 interpretationem,
1219 2915 1271 2958 oo

224 3001 375 3081 operatus
389 3003 474 3062 esset
483 2995 501 3062 ¹.
550 2995 603 3060 Ad
624 2994 712 3062 buno
726 2996 859 3060 modum
875 2996 1026 3080 quaedam
1049 2996 1167 3061 enirnae
1189 3017 1271 3082 quas

225 3104 465 3185 occupavenmt
498 3097 590 3176 vitis,
625 3097 761 3164 seculari
795 3103 971 3184 potentatu
1010 3099 1173 3178 roborata,
1204 3119 1271 3162 non

226 3205 304 3264 sunt
326 3199 513 3287 ereptibiles
535 3201 579 3265 eb
600 3199 787 3287 hujusmodi
802 3200 904 3280 vitiis,
925 3200 992 3266 nisi
1013 3202 1049 3264 in
1071 3222 1171 3266 manu
1193 3199 1272 3265 forti

226 3303 423 3369 sublimioris
465 3302 689 3369 eoelesisstieae
723 3303 905 3390 potestatis
966 3302 1137 3382 Quomodo
1168 3303 1272 3390 igitur

227 3405 341 3472 dieunt
380 3405 550 3472 inferiores
586 3409 775 3493 potestates,
814 3405 1000 3470 “Nostrum
1037 3410 1098 3487 est,
1135 3410 1169 3470 st
1205 3425 1272 3470 non

228 3514 246 3543 “
268 3509 416 3596 episcopi,
455 3505 582 3573 omnis²
620 3507 698 3574 vitii
731 3510 1019 3593 quantumcunque
1057 3507 1202 3595 potentis
1240 3511 1274 3572 et

230 3615 421 3697 “potenter
455 3612 600 3676 animem
635 3609 813 3676 detinentis
846 3611 1002 3675 eorrectio
1028 3617 1062 3676 et
1085 3612 1203 3676 animae
1232 3608 1274 3674 ab

229 3722 247 3748 “
269 3713 380 3779 eodem
405 3714 531 3794 eruitio,
554 3713 618 3778 nisi
640 3712 724 3778 forte
746 3713 817 3799 ipse
839 3712 993 3778 eorrectio
1015 3713 1211 3779 devolvatur
1232 3711 1274 3776 sd

229 3816 454 3904 “episcopum
482 3837 541 3903 per
565 3821 712 3881 nostram
734 3815 971 3902 negligentiam
1004 3821 1063 3880 aut
1084 3837 1143 3902 per
1165 3815 1274 3902 eppei·

230 3929 248 3954 “
269 3919 425 3986 lationem
448 3943 468 3985 a
489 3917 637 3985 nobisl”
681 3917 843 4004 Numquid
865 3922 1009 4004 potestus
1040 3918 1187 3983 canonici
1216 3923 1275 3983 sut
1288 3931 1369 3981 sothe

229 4022 343 4088 decani
373 4027 432 4088 sut
463 4023 564 4087 etiam
597 4020 734 4108 capituli
766 4017 887 4084 sufficit
912 4021 956 4085 ed
978 4019 1215 4106 suffocandum
1246 3995 1440 4126 etl'ffiffw

228 4123 509 4211 beneficientiam
530 4123 728 4190 adulterium
742 4123 796 4188 vel
811 4122 978 4188 consimile
992 4123 1113 4188 vitium
1127 4122 1274 4210 potentis
1287 4131 1315 4208 in
1326 4143 1435 4206 repress-

229 4227 356 4294 oomitis
390 4233 449 4294 aut
480 4226 660 4304 comitissae,
692 4231 732 4290 ut
758 4231 893 4290 eruatur
919 4224 1030 4290 enims
1052 4231 1208 4313 oooupata
1229 4224 1272 4289 ub
1288 4210 1425 4313 ffiffo,

229 4330 416 4419 hujusmodi
452 4331 610 4396 erimine?
669 4328 830 4415 Numquid
874 4348 942 4394 non
987 4328 1086 4394 etism
1131 4329 1423 4416 potestastoth·toi

230 4433 420 4521 episoopslis
456 4435 492 4500 in
537 4434 598 4500 hoo
648 4453 725 4498 oasu
770 4431 849 4496 satis
894 4432 957 4496 erit
1000 4431 1140 4497 debilist
1206 4395 1447 4495 1m0ueeus09,

264 4687 379 4756 ὀπιπίε]
397 4705 491 4750 omues,
508 4687 607 4750 C.C.C.,
619 4687 691 4739 'Irin
1045 4775 1068 4822 B
1088 4775 1111 4822 Β
1132 4761 1153 4822 2
