3500 5784
480 878 523 941 st
800 890 948 941 nosnnm
971 890 1202 941 usossnrusru

480 1066 500 1095 “
520 1059 611 1144 lotio,
631 1062 691 1128 ubi
723 1084 785 1129 nec
813 1062 924 1130 fuerat
953 1084 1015 1130 nec
1044 1062 1158 1130 futuru
1189 1066 1262 1128 eret
1294 1061 1433 1127 cornutis
1454 1061 1523 1125 ulls

480 1168 499 1201 “
520 1165 731 1246 commixtim
767 1171 903 1253 propter
939 1166 1027 1252 quod
1063 1164 1159 1230 fidele
1195 1162 1383 1251 conjugium
1428 1162 1525 1228 nmbo

480 1271 499 1303 “
520 1272 672 1353 parentes
703 1266 827 1335 Christi
858 1268 967 1335 vocari
1000 1269 1197 1345 meruerunt
1232 1286 1299 1331 non
1329 1265 1435 1331 solum
1467 1264 1526 1329 illo

480 1375 499 1405 “
520 1374 635 1449 motet,
657 1368 897 1436 verumetiam
919 1370 976 1435 ille
998 1374 1093 1456 poter
1115 1369 1194 1455 ejus,
1218 1369 1304 1434 sicut
1337 1374 1373 1435 et
1404 1365 1525 1452 conjux

479 1476 499 1507 “
519 1471 636 1537 matris
672 1471 751 1559 ejus,
788 1472 907 1559 utique
943 1476 1053 1537 mente
1098 1492 1165 1537 non
1210 1468 1331 1536 cerne?
1376 1470 1429 1535 Ex
1472 1468 1525 1533 his

477 1574 583 1661 igitur
610 1574 862 1641 auetoritatibus
892 1574 998 1660 liquet
1020 1573 1108 1661 quod
1131 1572 1291 1641 Dominus
1313 1573 1337 1639 J
1338 1594 1410 1639 esus
1431 1592 1523 1637 vero·

477 1676 560 1743 citer
595 1680 631 1743 et
666 1699 735 1743 non
770 1676 973 1744 mendaciter
1009 1676 1076 1742 fuit
1112 1676 1200 1742 filius
1237 1676 1260 1742 J
1262 1674 1383 1763 oseph;
1426 1674 1522 1751 filius,

476 1778 622 1866 inquam
645 1778 717 1865 ejus
726 1778 746 1859 ¹,
768 1799 838 1845 non
866 1778 1036 1859 notuistis,
1063 1784 1104 1845 ut
1125 1778 1314 1866 putabatur,
1338 1778 1395 1843 sed
1416 1776 1525 1864 legiti-

477 1902 559 1961 mus,
576 1886 618 1949 ut
631 1882 792 1948 veraciter
813 1902 962 1948 sermone
984 1880 1090 1949 beetae
1104 1881 1253 1969 Virginis
1275 1880 1509 1947 insinuabatur
1514 1904 1523 1959 ;

477 1984 563 2051 etsi
584 1983 710 2073 Joseph
732 1982 858 2071 aliquid
888 1984 1084 2071 possedisset
1106 1983 1316 2050 haereditsrio
1343 1983 1426 2071 jure,
1451 1982 1524 2068 quis

476 2086 560 2153 olius
581 2108 682 2174 quam
704 2085 869 2153 Dominus
891 2087 989 2153 Jesus
1011 2092 1111 2151 natus
1145 2108 1187 2151 ex
1217 2090 1363 2173 tempore
1393 2085 1434 2151 de
1465 2104 1524 2149 sun

474 2210 585 2270 uxore,
601 2188 691 2255 idem
712 2188 928 2277 personaliter
941 2194 1040 2254 notus
1062 2192 1139 2255 onte
1160 2194 1310 2275 temporo
1323 2187 1524 2253 aeternediter

475 2291 517 2358 de
539 2292 610 2359 Deo
631 2297 734 2379 putre,
757 2292 873 2357 eodem
895 2290 1106 2358 haereditario
1133 2289 1210 2377 jure
1239 2290 1377 2356 debuit2
1399 2288 1521 2375 Joseph

474 2393 685 2460 successisse?
741 2392 917 2479 Numquid
949 2414 1018 2459 non
1051 2394 1212 2459 veraciter
1249 2393 1315 2460 dici
1352 2379 1532 2481 potuisset,'

474 2497 581 2585 posito
603 2497 692 2582 quod
706 2494 829 2583 Joseph
847 2496 924 2583 jure
946 2494 1153 2563 haereditario
1171 2496 1298 2583 aliquid
1318 2494 1521 2584 possedisset,

475 2600 701 2666 demonstrato
730 2596 874 2663 Domino
901 2598 985 2664 Jesu
1023 2598 1082 2665 ct³
1113 2598 1185 2663 Deo
1219 2604 1254 2665 et
1286 2598 1427 2678 homine,
1459 2599 1521 2663 iste

476 2700 567 2767 Deus
588 2706 668 2767 unte
690 2705 839 2787 tempora
860 2704 961 2766 notus
991 2706 1042 2767 est
1073 2699 1177 2767 haeres
1199 2700 1367 2788 legitimus
1388 2701 1411 2766 J
1413 2700 1521 2786 oneph,

475 2802 555 2890 quis
583 2803 672 2869 filius
704 2824 772 2867 non
804 2801 999 2868 fornicarius
1033 2824 1139 2889 neque
1173 2802 1378 2869 adulterinus
1411 2804 1523 2869 uxoris

474 2909 564 2972 suaet
608 2905 646 2971 Si
678 2903 784 2993 igitur
813 2903 938 2969 bonnm
961 2904 1165 2970 matrimonii
1197 2910 1307 2992 potest
1339 2905 1409 2971 haeo
1439 2926 1522 2991 prse-

473 3007 564 3073 diote
584 3006 730 3093 mojora3
760 3004 924 3091 quomodo
956 3025 1023 3070 non
1055 3006 1180 3092 poterit
1211 3011 1246 3072 et
1281 3007 1371 3073 istud
1404 3007 1521 3087 minus,

473 3108 535 3174 ut⁴
571 3107 734 3186 videlieet,
772 3106 851 3173 licet
888 3106 1097 3193 subsequens,
1136 3108 1299 3195 legitimet
1336 3115 1448 3175 temen
1486 3116 1521 3174 et

473 3209 638 3279 haeredem
659 3208 842 3275 constituat
864 3208 988 3295 prolem
1011 3214 1089 3275 onte
1110 3211 1358 3297 progenitnm³t

519 3312 681 3399 Exempla
706 3331 836 3398 quoque
857 3316 987 3377 nattum
1009 3332 1069 3377 nos
1090 3318 1247 3398 potenmt
1268 3313 1439 3379 manifeste
1461 3314 1522 3379 hoe

473 3414 561 3481 idem
575 3414 716 3480 edocere
755 3412 837 3479 Uno
850 3434 993 3499 namque
1007 3420 1042 3478 et
1057 3412 1170 3479 eodem
1185 3436 1260 3481 otro
1275 3416 1375 3481 unius
1389 3422 1424 3482 et
1438 3416 1522 3503 ejus-

429 3509 437 3535 ’
473 3516 550 3582 dem
581 3516 723 3582 hominis
753 3514 837 3601 pilos
858 3514 978 3602 cepitis
1000 3536 1082 3601 quos
1103 3516 1194 3603 prius
1216 3517 1375 3605 produxit
1400 3519 1520 3604 nigros,

474 3618 616 3686 alterato
659 3617 801 3684 hominis
837 3617 1071 3703 complexione,
1119 3625 1300 3686 commutat
1343 3620 1379 3685 in
1423 3622 1521 3687 slbos.

474 3721 633 3803 Quoedsm
662 3719 764 3787 etium
794 3740 873 3785 eves
902 3719 1083 3785 secundum
1112 3722 1315 3789 mutationes
1336 3728 1521 3811 temporum

473 3846 598 3912 pennus
619 3821 710 3889 non⁰
731 3820 915 3889 nascituras
946 3825 982 3887 et
1012 3842 1116 3887 novas
1147 3822 1205 3889 ot⁷
1237 3825 1327 3912 prius
1360 3832 1456 3893 notos
1485 3827 1522 3890 in

473 3928 615 3992 alterum
648 3934 684 3991 et
719 3924 923 3989 contrarium
951 3929 1144 4011 permutent
1176 3928 1334 4007 colorem
1365 3934 1401 3993 et
1432 3929 1520 4015 quod

473 4030 578 4117 magis
609 4031 661 4095 est
693 4026 936 4106 admirandum,
967 4028 1120 4112 quaedom
1151 4029 1308 4097 animalia
1337 4031 1520 4098 secundnm

475 4133 585 4199 varios
628 4136 744 4199 tetotes
787 4130 931 4217 eorporis
975 4129 1076 4197 etism
1130 4138 1321 4220 permutent
1373 4134 1521 4222 figmom.

574 4350 583 4355 .
602 4348 721 4355 —.·-.-.-
794 4346 816 4353 ,ι
836 4346 852 4352 -
890 4348 896 4351 -
926 4346 943 4353 ,ι
974 4348 989 4353 -
1013 4348 1110 4355 ...--..
1339 4352 1519 4361 m

505 4475 513 4506 ¹
530 4472 596 4539 ήκω]
615 4487 665 4523 om.
677 4470 729 4523 sid
1054 4476 1238 4543 ⁵propenilum]
1257 4478 1376 4544 genium,
1388 4478 1439 4531 sid.

503 4551 634 4697 :ffffl
645 4550 801 4683 ἓξὲξ
1053 4590 1138 4657 ⁸um]
1157 4590 1372 4719 oscensis

502 4712 513 4743 ⁴
528 4712 568 4775 st]
587 4725 636 4761 ont
648 4708 738 4761 (200.
1053 4707 1062 4734 ²
1079 4703 1114 4768 et]
1128 4705 1179 4765 sed,
1191 4703 1247 4757 MS.
1259 4704 1329 4757 'Imm
1341 4720 1381 4770 sp.
1392 4705 1493 4755 Brown
