3500 5784
431 862 497 925 132
755 873 902 923 aonunrr
925 872 1153 923 unossnrrsrn

264 1052 370 1133 appa
430 1050 619 1133 quantaque
641 1044 779 1110 caritate
801 1046 871 1111 sine
893 1046 1015 1111 nostris
1037 1044 1164 1111 meritis
1194 1045 1341 1132 gratuito
1370 1041 1473 1109 vestri

264 1133 402 1236 ᾚῘζζζ
429 1149 536 1236 gratia
557 1168 617 1212 nos
639 1148 820 1234 amplexati
840 1147 942 1226 estis3
972 1152 1007 1212 et
1040 1148 1118 1234 quia
1143 1146 1270 1213 coritas
1290 1165 1475 1231 eamcam

266 1260 383 1331 1111111111
430 1248 564 1327 excidit,
598 1249 714 1314 sedin
736 1249 837 1335 hujus
867 1249 949 1315 vitae
971 1249 1138 1328 curriculo,
1173 1249 1232 1313 ubi
1262 1270 1330 1314 non
1362 1246 1473 1313 deficit

265 1320 419 1436 wigii„
430 1374 557 1438 semper
578 1351 701 1429 crescit,
724 1352 843 1416 scimus
865 1351 954 1439 quod
968 1374 1028 1417 nos
1048 1374 1135 1417 nunc
1156 1372 1224 1416 non
1246 1350 1355 1415 minus
1377 1369 1476 1435 quam

266 1452 397 1568 Zmint
429 1460 519 1534 tunc,
534 1453 592 1519 sed
606 1453 713 1517 multo
734 1453 876 1541 amplius
899 1453 1058 1541 diligitis;
1082 1452 1140 1518 ex'
1168 1451 1229 1517 hac
1250 1452 1363 1538 itaque
1384 1448 1477 1514 ferni·

268 1534 382 1635 elffii
430 1556 520 1621 liaris
549 1554 734 1621 dilectionis
755 1562 875 1621 vestrae
898 1550 1098 1621 certitudine
1119 1553 1322 1619 confidenter
1343 1574 1403 1618 vos
1427 1572 1477 1616 ro·

265 1651 403 1768 fflbl·
431 1680 548 1746 gamus
578 1663 739 1744 quatenus
770 1656 899 1723 intuitu
922 1656 987 1722 Dei
1008 1656 1148 1722 scribere
1169 1655 1280 1721 velitis
1302 1655 1478 1721 affectuose

269 1813 281 1857 1
292 1808 343 1860 cor
355 1807 404 1859 xiii
432 1767 468 1827 et
489 1760 661 1827 efficaciter
682 1759 847 1846 aliquibus
869 1760 910 1825 de
932 1758 1090 1824 fratribus
1112 1758 1232 1823 vestris
1254 1758 1420 1823 stantibus
1441 1756 1479 1821 in

268 1880 291 1925 a.
344 1847 349 1860 ⁸
405 1846 530 1942 'curia
555 1867 717 1949 quatenus
750 1862 892 1949 negotiis
921 1862 1043 1927 nostris
1073 1860 1302 1947 promovendis
1325 1869 1360 1927 et
1381 1880 1479 1946 expe-

434 1964 571 2042 diendis,
608 1965 646 2029 in
683 1970 846 2049 quantum
884 1964 1053 2050 pertinent
1087 1962 1129 2027 ad
1160 1962 1316 2027 honorem
1351 1961 1413 2027 Dei
1445 1964 1479 2025 et

433 2066 575 2134 ecclesias
596 2071 631 2131 et
652 2064 837 2129 animarum
870 2064 1020 2144 salutem,
1053 2063 1231 2151 diligenter
1253 2069 1287 2131 et
1309 2063 1480 2130 efficaciter

268 2183 377 2235 Lincoln
433 2168 618 2234 intendant
665 2167 828 2233 Caeterum
850 2187 919 2231 non
940 2166 1024 2231 latet
1052 2172 1172 2231 vesu-ae
1193 2166 1341 2232 caritatis
1362 2165 1480 2231 diserc-

268 2252 367 2367 ⁶i⁰⁰⁰⁸⁸t⁰
379 2251 421 2302 ‘¹¹⁰
434 2270 558 2336 tionem
587 2269 675 2355 quod
698 2273 812 2333 nostra
845 2268 996 2335 dioecesis
1018 2268 1166 2354 quelibet
1204 2266 1271 2333 alia
1307 2268 1344 2332 in
1380 2288 1479 2352 regno

268 2318 394 2435 mm,
433 2372 565 2459 Angliae
595 2370 777 2436 constituta
810 2370 917 2435 multo
951 2370 995 2435 sit
1029 2370 1128 2435 letior
1159 2375 1193 2435 et
1225 2370 1353 2456 copiosa
1377 2367 1481 2453 plebis

269 2451 389 2583 fflffim
434 2472 650 2538 multitudine
671 2470 849 2558 replet-ion
886 2471 1026 2558 ideoque
1060 2477 1095 2537 et
1124 2492 1184 2537 nos
1210 2470 1298 2557 pluri
1320 2476 1355 2536 et
1377 2468 1480 2535 efficat

269 2584 335 2634 lanu.
435 2574 515 2641 eiori
537 2574 721 2661 indigemus
743 2573 867 2638 auxilio
889 2574 926 2638 in
947 2572 1041 2639 verbi
1064 2572 1128 2638 Dei
1149 2572 1391 2659 praedicatione,
1407 2592 1481 2636 con-

434 2677 611 2743 fessionum
633 2676 810 2757 auditione,
842 2674 1112 2762 poenitentiarum
1142 2674 1371 2761 injunctione;
1407 2694 1483 2760 pru-

436 2780 579 2845 dentiori
615 2776 768 2865 quoque²
804 2777 938 2843 consilio
975 2777 1012 2841 in
1048 2776 1216 2842 variorum
1247 2784 1282 2842 et
1321 2796 1481 2842 novorum

436 2903 568 2947 casuum
599 2880 720 2946 cotidie
752 2879 990 2966 emergentium
1016 2879 1193 2944 secundum
1218 2874 1484 2966 Scripturarum³

436 2983 690 3069 intelligentiam
713 3003 793 3046 sana
807 2986 842 3047 ct
855 2981 979 3047 salubri
994 2981 1266 3048 determinatione
1281 3007 1289 3061 ;
1309 3002 1371 3046 nco
1392 2978 1484 3045 novi·

437 3107 510 3148 mus
520 3090 588 3148 tam
605 3082 765 3149 efficacem
781 3082 887 3147 inhac
901 3088 995 3169 parte
1010 3082 1229 3169 coadjutorem
1239 3104 1337 3169 quam
1348 3081 1482 3147 fratrem

436 3186 625 3251 Johannem
654 3184 695 3249 de
721 3185 843 3251 Sancto
866 3184 993 3271 Egidio‚
1017 3185 1109 3271 cujus
1131 3187 1260 3251 animus
1281 3190 1426 3251 nostram
1449 3184 1485 3247 in

439 3289 501 3353 hac
523 3294 620 3376 parte
642 3285 825 3353 contuens⁴
846 3287 1068 3377 indigentiam
1090 3295 1124 3354 et
1146 3287 1372 3354 necessitatem
1398 3308 1483 3352 sum-

438 3412 527 3455 mam
553 3390 596 3455 ad
618 3395 739 3457 nostra
760 3390 944 3456 voluntatis
965 3412 1074 3477 preces
1095 3389 1147 3455 sui
1169 3390 1277 3477 gratia
1298 3388 1483 3467 inclinatur,

439 3493 467 3558 si
504 3499 623 3559 vestrae
660 3492 810 3558 caritatis
847 3493 1049 3559 interveniat
1087 3491 1220 3557 licentia
1256 3497 1290 3557 et
1328 3512 1483 3556 assensus.

441 3595 648 3683 Quapropter
681 3596 724 3661 ad
755 3601 874 3661 vestrae
905 3594 1119 3681 benignitatis
1141 3595 1239 3681 pedes
1260 3594 1356 3681 proni
1377 3593 1483 3658 humi-

439 3696 517 3763 liter
538 3698 714 3784 provoluti,
739 3719 837 3783 quam
869 3718 1040 3784 possumus
1070 3696 1188 3761 humili
1214 3696 1387 3761 devotione
1409 3716 1485 3783 sup-

439 3800 607 3885 plicamus,
646 3805 682 3865 et
725 3799 918 3885 adjuramus
955 3821 1014 3885 per
1057 3799 1275 3886 aspersionem
1319 3798 1486 3884 sanguinis

329 3982 334 3993 ι
440 3901 576 3967 Domini
606 3902 710 3967 nostri
741 3901 823 3966 Jesn
850 3901 985 3981 Christi,
1008 3906 1043 3966 et
1064 3922 1123 3988 per
1144 3900 1397 3988 compassionem
1419 3922 1486 3967 suae

441 4004 636 4070 dulcissimae
667 4004 782 4068 matris
815 4025 882 4090 qua
912 4002 1072 4068 transfixa
1105 4008 1155 4069 est
1186 4010 1297 4069 astans
1328 4004 1365 4068 in
1395 4024 1486 4069 cruce

442 4106 608 4192 pendenti,
636 4110 799 4190 quatenus
820 4104 974 4191 petitioni
998 4110 1119 4171 nostrae
1144 4127 1236 4171 aures
1260 4111 1379 4171 vestrae
1401 4126 1486 4174 com·

273 4217 386 4285 Hebegs
440 4208 600 4293 passionis
631 4207 826 4272 inclinantes
859 4206 1055 4294 praedictum
1079 4207 1214 4274 fratrem
1239 4209 1263 4273 J
1266 4207 1425 4274 ohannem
1448 4206 1488 4271 li-

272 4286 428 4404 ffigffif„
439 4311 590 4389 centiare,
617 4310 685 4374 imo
705 4310 810 4375 eidem
835 4309 1010 4396 praecipere
1029 4308 1146 4390 velitis,
1162 4314 1324 4395 quatenus
1345 4308 1487 4395 benigne

476 4575 483 4605 r
498 4570 542 4637 a]
561 4578 594 4631 et,
605 4568 696 4621 (iile.
1022 4567 1033 4598 ⁸
1049 4566 1247 4636 Sceptrorum]
1325 4568 1487 4635 Scriptorum,

989 4645 1093 4707 C.(l.C.;
1111 4648 1256 4714 Scriptum,
1268 4648 1320 4701 sid.

472 4727 603 4794 rw]
622 4724 782 4792 quo,c.0.c.
1022 4727 1436 4795 ⁴conam100nanennccc.
