3500 5784
415 854 478 917 112
744 868 891 919 aosaarr
913 840 1142 921 cnossurmrs

411 1044 525 1105 nostro
548 1040 616 1105 tuti
639 1062 707 1106 esse
745 1041 913 1122 deberent,
945 1042 1110 1130 lapidibus
1145 1045 1186 1111 de
1217 1044 1360 1132 petrurio
1394 1065 1467 1131 pro

412 1143 586 1208 ruentibus
623 1148 793 1230 patentem
835 1151 870 1210 et
907 1144 1046 1211 liberum
1079 1146 1196 1213 dantes
1240 1151 1467 1235 progressum?

412 1244 576 1332 Nunquid
609 1246 656 1311 sic
687 1268 755 1311 non
794 1248 916 1313 erimus
953 1248 1169 1326 mercenarii,
1207 1250 1357 1317 videram
1394 1272 1466 1337 per-

305 1374 345 1409 0.
376 1350 612 1414 ‚secutionem
665 1348 905 1431 imminentem,
950 1350 1044 1437 quusi
1099 1351 1223 1437 bapara
1267 1350 1464 1429 venientem,

265 1428 288 1473 ²·
412 1448 619 1517 dimittentes
640 1472 711 1517 oves
732 1458 763 1517 ct
788 1450 988 1537 sepientes?
1033 1453 1218 1519 Persecutio
1249 1454 1336 1520 enim
1366 1454 1465 1539 regiae

411 1554 595 1640 potestatis,
634 1576 708 1640 quae
752 1554 921 1640 religiosos
965 1560 999 1620 et
1044 1556 1175 1622 clericos
1219 1556 1262 1622 ad
1306 1556 1466 1643 praedicta

332 1742 334 1746 ι
412 1656 586 1743 compellit,
610 1658 639 1721 si
666 1679 705 1723 ea
726 1656 877 1722 faciendo
900 1662 1042 1744 peccent,
1068 1658 1153 1743 quid
1176 1658 1269 1724 aliud
1283 1665 1334 1724 est
1358 1680 1460 1745 quam

411 1758 516 1846 lupus,
549 1764 655 1825 morte
680 1759 805 1847 peccati
838 1760 881 1824 ad
919 1761 1006 1846 quod
1041 1760 1146 1825 trahit
1180 1782 1258 1827 oves
1292 1760 1466 1827 occidens?

411 1860 483 1925 Nos
504 1882 583 1926 vero
605 1860 634 1926 si
655 1860 875 1947 persecutioni
892 1882 959 1927 non
981 1883 1192 1941 occurramus,
1209 1862 1279 1949 ejus
1302 1863 1462 1949 impetum

410 1962 521 2050 prius¹
546 1964 757 2043 sustinentes,
779 1968 814 2029 et
845 1985 887 2027 ne
918 1985 995 2029 oves
1028 1970 1156 2030 nostras
1179 1970 1312 2053 peccato
1335 1965 1463 2031 occidat

409 2066 541 2132 fortiter
577 2066 781 2144 obsistentes,
805 2065 886 2152 quid
916 2066 1008 2131 aliud
1037 2088 1149 2133 sumus
1171 2065 1294 2153 quam2
1316 2074 1463 2155 pastores

410 2168 482 2234 viso
504 2169 581 2255 lupo
604 2168 721 2234 timide
743 2168 929 2255 fugientes?
973 2167 1137 2236 Praeterea
1168 2168 1196 2234 si
1222 2170 1330 2235 clerici
1364 2170 1462 2235 liber·

409 2271 475 2336 tati
498 2270 638 2337 ecclesiae
661 2270 821 2358 derogant
843 2276 878 2336 et
900 2270 946 2337 sic
968 2276 1106 2337 matrem
1130 2271 1294 2337 ecclesiam
1325 2272 1463 2337 inhono-

410 2378 497 2454 rant,
519 2396 557 2440 ec
578 2395 636 2460 per
657 2372 718 2439 boc
739 2379 876 2459 peccant
899 2395 972 2438 cum
996 2373 1133 2439 seculari
1156 2373 1283 2459 judicio
1316 2396 1350 2439 se
1384 2374 1461 2439 sub-

410 2475 515 2541 iciunt
527 2502 535 2557 ;
569 2496 629 2540 nos
651 2474 783 2561 praelati
816 2476 873 2560 qui
906 2474 949 2540 ad
983 2476 1178 2541 mandatum
1212 2476 1341 2563 regium
1376 2498 1462 2541 com-

409 2578 560 2663 pellimus
596 2598 651 2643 eos
688 2598 792 2663 super
823 2575 942 2643 delicto
979 2583 1147 2643 accusatos
1181 2577 1216 2641 in
1248 2578 1319 2643 foro
1352 2576 1461 2644 laicali

281 2729 283 2733 .
409 2680 611 2767 respondere,
635 2702 702 2745 non
724 2678 829 2745 solum
851 2680 979 2766 trepide
1001 2680 1164 2767 fugiendo,
1189 2680 1317 2746 eosdem
1341 2703 1362 2745 a
1383 2680 1461 2769 lupo

409 2782 584 2849 crudeliter
605 2782 706 2848 occidi
738 2781 969 2847 damnabiliter
1001 2782 1231 2869 permittimus,
1263 2782 1321 2848 sed
1356 2784 1462 2869 magis

409 2885 549 2971 ipsimet,
573 2906 631 2971 pro
653 2883 773 2970 quibus
795 2884 926 2949 fortiter
948 2885 1029 2949 mori
1054 2884 1218 2965 debemus,
1250 2884 1286 2948 in
1321 2892 1461 2951 mortem

277 3072 280 3079 Ι
409 2987 610 3052 atrocissime
625 2986 839 3052 detrudimus.
884 2986 983 3051 Absit
1006 2986 1066 3052 hoc
1088 2987 1200 3074 procul
1216 2986 1258 3051 ab
1273 2988 1461 3053 animarum

409 3089 570 3176 episeopis
591 3093 626 3154 et
659 3088 869 3174 pastoribus3
903 3088 1029 3173 quibus,
1063 3093 1102 3153 ut
1134 3088 1277 3161 dilucide
1308 3090 1459 3169 novistis,

410 3198 445 3259 et
467 3192 621 3279 praeclare
642 3191 831 3279 frequenter
853 3190 1033 3271 docuistis,a
1056 3192 1161 3279 magis
1187 3192 1377 3278 eligendum
1410 3199 1461 3261 est

409 3317 477 3360 non
514 3295 619 3360 solum
656 3294 803 3360 omnium
840 3299 1044 3359 terrenorum
1077 3293 1310 3360 detrimentum
1345 3296 1459 3374 faeere,

409 3397 591 3478 sedetiam
613 3402 753 3463 mortem
776 3394 1019 3462 acerbissimam
1041 3401 1075 3461 et
1106 3396 1397 3483 probrosissimum,
1432 3399 1461 3464 si

409 3505 519 3587 posset
554 3500 656 3566 etiam
692 3499 862 3576 infinities‚
909 3496 1079 3576 sustinere,
1118 3519 1215 3583 quam
1258 3500 1312 3566 vel
1360 3500 1460 3566 semel

409 3624 548 3689 peecare.

453 3704 525 3771 Nec
546 3710 597 3771 est
618 3704 796 3794 praesulum
818 3708 987 3791 peceatum
1009 3701 1045 3767 in
1067 3702 1255 3788 hujusmodi
1277 3704 1461 3787 mediocre3

407 3808 591 3895 praesertim
613 3808 642 3874 si
664 3812 780 3874 contra
813 3810 941 3872 statuta
975 3804 1147 3871 (lenonum
1182 3811 1216 3871 et
1243 3805 1457 3875 decretalium

408 3912 620 3999 epistolarum
653 3912 735 3977 talia
767 3907 989 3996 permittendo
1023 3930 1081 3973 seu
1113 3907 1263 3973 faciendo
1297 3912 1458 3991 veniant3

291 4022 296 4033 “
408 4036 482 4079 eum
503 4014 540 4078 in
562 4012 861 4081 consecrationibus
883 4010 951 4076 suis
974 4010 1102 4075 solenni
1134 4016 1214 4076 voto
1245 4012 1458 4098 promiserint

407 4116 603 4183 traditiones
625 4116 882 4182 orthodoxorum
905 4119 1037 4199 patrum
1059 4132 1098 4177 ae
1123 4111 1300 4179 decretales
1333 4122 1458 4182 sanctae

407 4224 443 4285 et
464 4220 650 4306 apostolicae
671 4218 758 4284 sedis
775 4213 1025 4282 constitutiones
1046 4234 1080 4279 se
1095 4214 1313 4281 veneranter⁴
1329 4238 1458 4306 suscep-

407 4328 509 4400 turos,
531 4322 692 4401 docturos,
715 4325 815 4405 atque
837 4321 1031 4381 servaturos.

442 4674 449 4703 ¹
465 4672 551 4737 prius]
571 4687 622 4722 om.
634 4670 686 4721 Sid.
988 4668 998 4698 ⁸
1015 4666 1104 4717 ΘΟΕ.
1117 4666 1207 4719 inserts
1218 4666 1267 4719 sed.

440 4751 550 4816 ’quam]
570 4752 627 4812 nisi,
639 4749 728 4801 ΟΜ.
990 4745 998 4774 ⁴
1016 4746 1169 4812 reuocata]
1189 4758 1339 4809 reverenter,
1350 4748 1403 4803 Sid.
