3500 5784
654 891 832 942 mreronn.
1204 871 1265 940 371

222 1069 317 1136 mici
339 1069 387 1136 ud
401 1070 492 1135 viros
507 1067 608 1134 Jodrr
630 1075 661 1133 ot
682 1065 883 1133 habitatores
904 1065 1107 1145 lauream,
1131 1072 1161 1131 ct
1183 1064 1273 1130 driaco

225 1173 273 1240 aa
295 1195 346 1238 eoa
357 1199 370 1253 ;
392 1172 475 1237 Hoeo
497 1169 582 1236 dicit
605 1169 780 1236 Dominae
800 1170 896 1236 Daca
909 1167 1044 1247 Iarool,·
1066 1166 1272 1233 Maledictua

222 1275 279 1340 cir
301 1275 364 1362 qui
378 1295 452 1340 aaa
473 1271 628 1339 audierit
649 1272 748 1338 uerbo
768 1271 864 1356 pacti
887 1270 999 1356 lujato,
1015 1268 1106 1355 qood
1124 1270 1273 1356 accept

221 1377 381 1464 paucae
395 1375 523 1457 orara,
537 1376 581 1441 io
603 1375 660 1441 dio
675 1397 745 1462 qua
766 1373 874 1441 educi
889 1396 944 1440 ooo
966 1373 1007 1440 de
1028 1380 1121 1438 torro
1135 1372 1270 1458 Eyypti,

223 1479 264 1546 dc
278 1478 421 1566 fornace
428 1479 551 1566 ferrea,
568 1477 706 1558 aaron
730 1477 861 1543 Audito
875 1498 986 1542 uocem
1000 1498 1113 1541 orcam
1127 1482 1157 1541 ot
1164 1475 1272 1562 facite

224 1582 346 1650 cronio
360 1605 435 1670 quoe
444 1580 593 1669 precepi
603 1581 702 1647 cotie.
748 1581 785 1646 Si
808 1581 912 1667 igitur
926 1579 1083 1666 praedicta
1104 1578 1273 1665 dispositio
1285 1574 1433 1693 Q&

223 1685 512 1753 ecclesiasticarum
550 1689 753 1773 potestatum
791 1684 836 1748 sit
873 1705 950 1770 para
986 1683 1138 1769 praedicti
1173 1683 1271 1770 pacti,
1286 1709 1379 1759 then-

225 1791 317 1876 cujus
340 1791 606 1876 praevaricatores
628 1794 708 1854 aunt
729 1786 791 1852 sub
815 1787 997 1861 maledicto,
1020 1785 1274 1872 liquidissimum
1286 1784 1434 1893 affixi

225 1893 385 1978 estquod
407 1914 475 1958 non
496 1891 572 1956 licet
588 1891 679 1956 istud
700 1893 832 1976 pactum
847 1889 1062 1976 praevaricari.
1109 1887 1145 1957 Si
1163 1893 1274 1953 autem
1287 1909 1377 1958 astical

227 1994 314 2059 dicat
351 1994 468 2081 aliquis
509 1997 641 2080 pactum
679 1992 873 2078 praediotum
903 2013 971 2056 non
1007 1990 1174 2058 continere
1210 1991 1276 2057 nisi
1287 1991 1391 2040 mm*

226 2095 306 2182 legis
328 2097 526 2182 decalogum,
549 2115 610 2160 nec
632 2095 677 2160 sic
699 2094 857 2160 videntur
879 2117 900 2158 a
932 2093 1092 2182 praedicta
1121 2095 1274 2160 maledic-

226 2198 316 2263 tione
347 2198 407 2263 filii
439 2199 533 2264 liberi
568 2199 626 2284 qui
657 2198 762 2284 patrie
792 2198 975 2284 legitimam
1007 2201 1205 2285 potestatem
1239 2200 1276 2263 in

228 2301 314 2388 ipsos
358 2301 563 2367 contendunt
607 2300 760 2366 imminui
805 2305 865 2365 aut
910 2301 990 2366 rolli.
1037 2301 1080 2365 In
1125 2301 1276 2388 decalogo
1289 2299 1370 2349 athe
1383 2297 1427 2348 ⁵³¹
1504 2297 1516 2332 ⁰

227 2425 368 2489 namquo
390 2409 589 2490 praeceptum
614 2409 664 2469 est
685 2409 840 2491 parentes
871 2404 1016 2469 carnales
1049 2404 1218 2484 honorare,
1242 2408 1277 2468 et
1288 2366 1421 2495 {iffi
1421 2390 1433 2401 ’

226 2506 265 2570 in
309 2506 369 2572 hoc
414 2509 518 2572 multo
564 2507 704 2594 amplius
749 2507 921 2594 spiritales.
968 2506 1034 2572 Sed
1078 2507 1136 2593 qui
1173 2507 1278 2593 patris
1290 2500 1351 2562 pnes
1361 2511 1431 2613 2⁰¹⁰

229 2608 408 2694 legitimam
446 2614 642 2696 potestatem
675 2631 773 2696 anper
806 2631 840 2674 se
874 2610 1036 2674 minorare
1073 2614 1132 2674 aut
1164 2609 1277 2674 tollere
1289 2573 1342 2681 “stro
1333 2580 1446 2696 {iniunt

228 2711 408 2791 contendit,
445 2711 607 2798 quomodo
647 2734 713 2776 non
750 2717 879 2798 patrem
916 2713 1115 2787 inhonorati
1160 2712 1277 2777 Omnia
1289 2698 1459 2815 ‘hfnmff

231 2819 340 2880 autem
372 2820 518 2901 potestas
549 2835 648 2901 quam
677 2814 732 2900 jus
764 2836 936 2880 commune
969 2816 1028 2880 dat
1062 2816 1212 2902 episcopo
1241 2781 1317 2879 ina
1337 2779 1397 2829 pare
1440 2801 1446 2813 ⁰

229 2937 303 2982 suos
335 2917 484 2982 subditos
518 2923 568 2982 est
605 2917 754 3003 legitima
791 2921 936 3003 potestas
966 2916 1071 3004 patris
1101 2918 1137 2982 iu
1168 2917 1276 2996 filica3

230 3041 305 3107 ergo
337 3019 464 3086 subditi
497 3021 720 3106 episcoporum
754 3019 900 3085 nitentes
937 3021 984 3085 eia
1027 3020 1153 3086 auferre
1190 3020 1278 3105 quod

230 3123 350 3188 tribuit
387 3124 433 3188 eis
465 3123 522 3208 jus
566 3143 746 3199 commune,
785 3123 970 3208 praesertim
1008 3145 1082 3188 cum
1119 3123 1160 3188 de
1191 3123 1277 3208 juria

230 3227 410 3291 communie
432 3225 650 3312 amplitudine
673 3225 757 3289 nihil
779 3231 830 3290 est
861 3226 943 3312 ipsis
974 3225 1132 3314 episcopia
1155 3231 1278 3291 coarta-

231 3335 304 3393 tum
326 3329 367 3392 de
389 3328 573 3415 superioris,
600 3328 661 3393 hoc
693 3333 751 3406 est,
775 3328 901 3394 domini
932 3327 1040 3415 Papa,
1064 3327 1278 3405 ordinatione,

231 3430 401 3506 evidenter
441 3431 683 3496 convincuntur
713 3437 864 3518 parentes
905 3431 1110 3508 inhonorare,
1144 3453 1182 3496 ac
1223 3453 1282 3517 per

232 3533 301 3609 hoo,
324 3555 398 3598 cum
432 3538 565 3620 pactum
597 3533 743 3619 decalogi
767 3533 1061 3622 transgrediantur,
1089 3534 1280 3620 praedictam

232 3635 494 3702 maledictionem
517 3637 682 3701 incurrere
716 3635 861 3722 aliasque
892 3635 1149 3723 quamplurimas
1172 3635 1280 3723 Scrip

233 3747 327 3816 turae,
343 3761 424 3826 quae
446 3738 582 3804 recitem
604 3759 672 3804 non
695 3743 745 3803 eet
767 3760 903 3804 necesse.

278 3841 333 3906 Ad
361 3840 431 3907 haeo
460 3839 651 3928 epiecopus¹
681 3841 859 3926 majoribus
889 3841 1030 3909 ecclesiae
1060 3842 1202 3929 negotiis
1224 3850 1410 3909 autfleneea

234 3945 479 4010 inevitabilibus
494 3949 528 4010 et
549 3944 766 4010 rationalibus
780 3946 886 4011 causis
908 3967 975 4010 non
990 3946 1197 4032 praepeditua,
1208 3947 1284 4032 jure
1296 3925 1418 4041 ἓξὲξ

235 4048 415 4114 dioecesano
437 4048 500 4113 eibi
515 4046 677 4134 subjectos
692 4053 726 4113 ct
741 4049 870 4136 abipso
892 4068 959 4113 non
981 4054 1149 4137 exemptos
1163 4049 1284 4134 absque
1296 4059 1357 4136 visit
1366 4058 1400 4136 all
1410 4058 1437 4106 in

132 4145 138 4162 '
234 4153 353 4216 animae
367 4173 435 4216 suae
457 4149 642 4216 discrimine
663 4173 731 4216 non
745 4155 855 4237 potest
868 4173 937 4215 non
950 4151 1094 4232 visitare,
1116 4159 1157 4218 ut
1178 4155 1286 4216 errata
1297 4124 1445 4241 {22fo

234 4254 374 4339 corrigat
396 4257 431 4318 et
452 4253 658 4320 reformanda
672 4255 833 4320 reformet.
873 4254 991 4320 Pastor
1004 4277 1147 4343 namque
1169 4255 1281 4320 ovium
1296 4259 1404 4322 emptor,
1416 4273 1443 4307 ⁸⁸

286 4355 293 4370 .
693 4355 700 4372 .
818 4357 825 4372 .
881 4356 887 4371 .
1297 4325 1444 4388 aohepherd

235 4377 335 4442 cayna
364 4362 447 4422 aaut
476 4379 548 4424 ovea
575 4378 737 4442 proprior,
771 4379 829 4443 qur
862 4379 908 4422 erc
930 4357 1067 4424 affectus
1089 4362 1140 4423 eet
1162 4356 1205 4421 ad
1228 4378 1282 4421 aaa
1296 4390 1423 4440 Μὰ,

236 4458 323 4544 quod
366 4459 509 4524 animam
554 4481 647 4525 suam
683 4483 742 4547 pro
791 4461 837 4526 eie
874 4481 1002 4549 semper
1038 4467 1172 4550 paratus
1209 4457 1284 4525 est⁹
1297 4478 1394 4597 iim
1407 4495 1433 4532 x.

543 4673 548 4676 .
564 4671 616 4676 ....-.-
970 4665 1235 4674 .-—-·.-—---——·-
1256 4667 1276 4671 -

273 4787 713 4854 *awanaanoncuu
761 4789 766 4856 ι
821 4789 1063 4854 *aerumma

1039 4875 1152 4940 net
