3500 5784
468 810 534 873 332
790 822 936 871 nonaum
959 820 1188 869 cnossrrusuu

467 1014 527 1058 vos
548 994 686 1081 repellat
707 992 826 1079 uliquis
848 992 1035 1058 mundanus
1057 992 1167 1070 timor,
1183 1010 1242 1057 nec
1256 992 1405 1057 retrahat
1418 1014 1517 1057 mun-

467 1094 565 1161 dialis
586 1116 685 1162 amor.
730 1094 769 1161 Si
791 1100 903 1159 autem
926 1092 1065 1159 salutem
1099 1093 1286 1159 animarum
1308 1096 1435 1182 operari
1456 1118 1518 1181 per

440 1192 553 1263 ¹huuc
587 1197 720 1263 modum
750 1196 928 1285 negligitis,
962 1218 1029 1282 qua
1062 1194 1180 1273 fronte,
1207 1197 1364 1283 imoque
1385 1198 1518 1263 insania

464 1322 538 1365 cam
559 1300 688 1387 operari
709 1298 772 1365 sub
793 1304 927 1365 aeternae
950 1298 1231 1364 condemnationis
1254 1320 1355 1385 poena
1376 1322 1518 1386 spopon-

464 1401 570 1481 distis,
607 1402 791 1489 praesertim
828 1422 903 1465 cum
941 1422 1007 1465 uon
1045 1400 1089 1465 sit
1119 1400 1204 1465 nlius
1246 1424 1319 1465 eam
1356 1402 1517 1488 operandi

464 1505 601 1570 modust

510 1605 569 1671 Si¹
593 1605 669 1693 quis
689 1610 837 1671 vestrum
858 1604 1003 1689 aliquem
1036 1626 1079 1671 ex
1113 1605 1249 1670 denario
1282 1604 1403 1671 diurno
1434 1628 1516 1671 con-

464 1709 558 1775 ducit
593 1716 635 1774 ut
671 1708 847 1793 quicquam
884 1706 991 1793 operis
1021 1707 1052 1772 ei
1090 1706 1197 1782 fumat,
1230 1728 1295 1793 quo
1329 1730 1396 1773 non
1426 1706 1515 1773 facto

465 1812 621 1877 damnum
654 1809 833 1876 sustinebit
863 1808 1104 1889 inaestimabile‚
1134 1808 1217 1874 sed²
1247 1810 1427 1876 conductus
1456 1810 1515 1875 ille

464 1915 507 1978 ab
526 1934 622 2001 opere
636 1916 787 1999 torpeat;
809 1932 918 1977 nonne
941 1910 1082 1997 quilibet
1104 1917 1253 1977 vestrum
1275 1916 1311 1976 et
1332 1912 1510 1977 mercedem

463 2018 493 2082 ei
516 2014 695 2092 subtrahet,
719 2020 754 2080 et
775 2013 888 2082 damni
918 2034 961 2078 ex
992 2012 1094 2101 ipsius
1125 2012 1329 2101 negligentia
1362 2014 1515 2101 proveni-

464 2119 551 2183 entis
584 2117 829 2182 restitutionem
863 2116 999 2201 exiget?
1057 2112 1231 2201 Numquid
1268 2126 1336 2181 n'on
1368 2139 1389 2182 a
1419 2118 1514 2183 vobis

464 2220 575 2307 exiget
606 2217 696 2284 Deus
727 2218 816 2305 quod
837 2240 898 2283 vos
921 2240 942 2283 a
962 2217 1082 2283 vestris
1104 2218 1270 2282 conservis
1292 2218 1347 2284 rel
1369 2219 1513 2285 subditis

463 2321 706 2387 rationabiliter
719 2320 877 2408 exigitis?
922 2320 1084 2385 Dominus
1106 2318 1130 2383 J
1131 2341 1206 2385 esus
1228 2321 1440 2407 semetipsum
1456 2322 1512 2387 de·

463 2425 516 2489 dit
537 2445 597 2511 pro
619 2420 793 2509 cujuslibet
814 2422 936 2487 animae
959 2421 1090 2499 salute3
1114 2443 1180 2486 non
1195 2423 1370 2487 salvantur
1392 2429 1510 2501 tamen,

464 2526 528 2591 uisi
552 2526 609 2612 qui
631 2525 813 2612 passionem
837 2524 946 2610 Ipsius
968 2524 1132 2589 veraciter
1153 2524 1299 2602 credunt,
1323 2532 1359 2589 et
1381 2526 1512 2591 creden-

462 2636 512 2694 tes
533 2628 700 2715 ‹liligunt3
723 2626 818 2693 vobis
832 2634 945 2691 autem
961 2624 1037 2712 Ipse
1059 2644 1192 2712 peregre
1215 2627 1388 2711 profectus,
1404 2634 1439 2693 et
1453 2650 1514 2693 nos

462 2731 499 2795 in
532 2730 609 2817 Ipso
645 2751 758 2795 curam
796 2728 1015 2793 commisimus
1053 2729 1265 2793 convertendi
1296 2729 1431 2808 animas,
1454 2752 1515 2816 per

464 2834 574 2919 qualis
595 2854 695 2919 supro
725 2832 903 2917 tetigimus,
929 2831 972 2894 ad
995 2830 1104 2916 Ipsius
1119 2830 1218 2895 fidem
1233 2834 1268 2895 et
1284 2830 1514 2913 dilectionem

464 2943 503 3001 ut
525 2936 570 3001 sic
591 2934 791 3021 participent
813 2932 890 2999 Suae
925 2931 1083 3018 passionis
1118 2932 1278 3009 effectum,
1310 2938 1346 2997 et
1380 2936 1514 2999 nonsit

465 3060 551 3103 mors
585 3036 695 3122 Ipsius
732 3035 840 3121 quoad
876 3036 964 3121 ipsus
994 3034 1124 3099 frustra.
1193 3032 1230 3098 Si
1263 3034 1368 3120 igitur
1394 3034 1513 3121 aliqum

464 3141 584 3205 onimae
606 3160 693 3203 curse
714 3144 834 3203 vestrae
855 3136 1043 3214 commissae,
1060 3135 1177 3201 effectu
1192 3136 1353 3221 passionis
1368 3134 1512 3215 Domini,

465 3242 500 3305 id
534 3245 594 3318 est,
629 3246 753 3305 aeterua
775 3238 890 3318 salute,
913 3260 970 3325 per
992 3237 1160 3302 vestram³
1190 3244 1321 3303 careant
1344 3239 1514 3326 negligen-

465 3343 555 3418 tium,
579 3340 710 3407 nonne⁴
732 3347 872 3406 mortem
889 3340 1013 3407 Christi
1036 3338 1145 3427 quoad
1159 3338 1233 3403 illas
1247 3340 1380 3405 inanem
1394 3341 1513 3418 facitis

463 3444 712 3530 completionem
744 3465 873 3529 quoque
906 3443 1034 3506 numeri
1066 3440 1297 3507 salvandorum
1325 3442 1512 3520 retardatis,

463 3553 498 3612 ct
520 3546 566 3611 sic
588 3544 772 3633 generalem
794 3550 1000 3609 mortuorum
1032 3544 1300 3609 resurrectionem
1331 3544 1513 3630 mundique

463 3648 717 3725 innovationem,
746 3646 909 3732 judicium
943 3652 1137 3724 extremum,
1170 3652 1204 3710 et
1226 3667 1364 3733 regnum
1386 3648 1427 3712 ab
1450 3648 1516 3713 ori·

462 3752 539 3837 gine
562 3750 679 3814 mundi
700 3749 806 3814 beatis
829 3754 1060 3835 praeparatum,
1094 3749 1314 3833 quantumin
1336 3750 1429 3815 vobis
1452 3754 1512 3827 est,

298 3866 369 3917 ιιοιη.
381 3868 433 3920 viii.
463 3852 672 3940 prolongatis,
688 3857 722 3916 et
737 3852 783 3916 sic
800 3850 898 3915 curui
913 3856 1073 3916 creatura
1088 3872 1160 3935 qnae
1175 3848 1371 3935 ingemescit
1385 3859 1415 3917 et
1427 3874 1512 3937 por·-

295 3938 336 3985 22.

464 3954 552 4021 iuvit
561 3976 666 4041 mque
680 3952 800 4031 arthur,
816 3952 1051 4017 revelationem
1074 3951 1218 4018 filiorum
1235 3952 1299 4019 Dei
1322 3961 1511 4041 expectans,

463 4056 688 4143 injuriaminil
733 4054 778 4119 Et
811 4077 886 4141 quse
921 4076 989 4119 csse
1021 4059 1128 4140 potest
1162 4058 1349 4141 expectatio
1382 4056 1509 4135 talium,

296 4176 416 4239 sepau.
461 4160 527 4225 nisi
548 4158 637 4244 quod
659 4163 814 4221 creature
836 4155 975 4221 Fuciori
996 4178 1057 4221 siro
1073 4154 1260 4221 deserviens
1297 4160 1512 4225 excandescat

296 4247 335 4292 er.

461 4264 504 4327 iu
519 4266 726 4327 lornwrvtum
741 4258 903 4325 (ruvereus
926 4260 1036 4344 ipsosl
1081 4256 1126 4323 Et
1149 4260 1310 4345 quomodo
1333 4261 1512 4330 sustinebit

465 4474 473 4479 .
480 4474 487 4479 .
497 4472 604 4479 ——-
622 4468 1507 4484 --mm—-n———u--a--Q--ffl-

497 4618 503 4647 ¹
524 4616 567 4682 Su]
587 4632 636 4666 om.
648 4616 738 4667 000
1045 4616 1186 4680 ἰὀιῑνιιηι]
1205 4634 1253 4670 om.
1266 4618 1356 4671 000

495 4698 511 4762 '²-
524 4695 587 4761 Sed]
600 4695 629 4757 si,
642 4698 692 4746 Ox.
1043 4698 1051 4725 ⁴
1070 4695 1159 4747 000
1171 4696 1261 4749 inserts
1272 4708 1352 4749 morte.
