<?xml version="1.0" encoding="UTF-8"?>
<!DOCTYPE html PUBLIC "-//W3C//DTD XHTML 1.0 Transitional//EN"
    "http://www.w3.org/TR/xhtml1/DTD/xhtml1-transitional.dtd">
<html xmlns="http://www.w3.org/1999/xhtml" xml:lang="en" lang="en">
 <head>
  <title>
</title>
<meta http-equiv="Content-Type" content="text/html;charset=utf-8" />
  <meta name='ocr-system' content='tesseract 3.04.00' />
  <meta name='ocr-capabilities' content='ocr_page ocr_carea ocr_par ocr_line ocrx_word'/>
</head>
<body>
  <div class='ocr_page' id='page_1' title='image "./robertigrossete00luargoog_0473.png"; bbox 0 0 3500 5784; ppageno 0'>
   <div class='ocr_carea' id='block_1_1' title="bbox 478 823 1204 888">
    <p class='ocr_par' dir='ltr' id='par_1_1' title="bbox 478 823 1204 888">
     <span class='ocr_line' id='line_1_1' title="bbox 478 823 1204 888; baseline -0.001 0"><span class='ocrx_word' id='word_1_1' title='bbox 478 823 543 888; x_wconf 82' lang='grc'><strong>330</strong></span> <span class='ocrx_word' id='word_1_2' title='bbox 800 837 950 886; x_wconf 79' lang='lat' dir='ltr'><strong>nonnam</strong></span> <span class='ocrx_word' id='word_1_3' title='bbox 972 836 1204 887; x_wconf 73' lang='lat' dir='ltr'><strong>cnossarmm</strong></span> 
     </span>
    </p>
   </div>
   <div class='ocr_carea' id='block_1_2' title="bbox 302 1009 1527 4474">
    <p class='ocr_par' dir='ltr' id='par_1_2' title="bbox 302 1009 1527 4474">
     <span class='ocr_line' id='line_1_2' title="bbox 477 1009 1527 1100; baseline 0 -23"><span class='ocrx_word' id='word_1_4' title='bbox 477 1009 721 1100; x_wconf 82' lang='lat' dir='ltr'><strong>negotiandum,</strong></span> <span class='ocrx_word' id='word_1_5' title='bbox 746 1013 785 1072; x_wconf 91' lang='lat' dir='ltr'><strong>ut</strong></span> <span class='ocrx_word' id='word_1_6' title='bbox 816 1031 891 1074; x_wconf 90' lang='lat' dir='ltr'><strong>cum</strong></span> <span class='ocrx_word' id='word_1_7' title='bbox 922 1009 1012 1076; x_wconf 89' lang='lat' dir='ltr'><strong>lucro</strong></span> <span class='ocrx_word' id='word_1_8' title='bbox 1045 1011 1148 1096; x_wconf 88' lang='lat' dir='ltr'><strong>possit</strong></span> <span class='ocrx_word' id='word_1_9' title='bbox 1174 1009 1318 1077; x_wconf 88' lang='lat' dir='ltr'><strong>Domino</strong></span> <span class='ocrx_word' id='word_1_10' title='bbox 1344 1014 1527 1098; x_wconf 75' lang='lat' dir='ltr'><strong>reportari5</strong></span> 
     </span>
     <span class='ocr_line' id='line_1_3' title="bbox 477 1113 1526 1202; baseline 0.002 -22"><span class='ocrx_word' id='word_1_11' title='bbox 477 1119 589 1180; x_wconf 87' lang='lat' dir='ltr'><strong>tamen</strong></span> <span class='ocrx_word' id='word_1_12' title='bbox 612 1119 692 1179; x_wconf 89' lang='lat' dir='ltr'><strong>tunc</strong></span> <span class='ocrx_word' id='word_1_13' title='bbox 714 1113 886 1202; x_wconf 85' lang='lat' dir='ltr'><strong>specialius</strong></span> <span class='ocrx_word' id='word_1_14' title='bbox 912 1117 947 1178; x_wconf 92' lang='lat' dir='ltr'><strong>et</strong></span> <span class='ocrx_word' id='word_1_15' title='bbox 977 1113 1140 1178; x_wconf 87' lang='lat' dir='ltr'><strong>attentius</strong></span> <span class='ocrx_word' id='word_1_16' title='bbox 1164 1115 1328 1202; x_wconf 81' lang='lat' dir='ltr'><strong>negotiari</strong></span> <span class='ocrx_word' id='word_1_17' title='bbox 1350 1123 1526 1182; x_wconf 86' lang='lat' dir='ltr'><strong>monentur</strong></span> 
     </span>
     <span class='ocr_line' id='line_1_4' title="bbox 474 1215 1525 1305; baseline 0.002 -23"><span class='ocrx_word' id='word_1_18' title='bbox 474 1237 548 1282; x_wconf 89' lang='lat' dir='ltr'><strong>cum</strong></span> <span class='ocrx_word' id='word_1_19' title='bbox 579 1215 740 1282; x_wconf 83' lang='lat' dir='ltr'>Dominus</span> <span class='ocrx_word' id='word_1_20' title='bbox 772 1216 815 1282; x_wconf 87' lang='lat' dir='ltr'><strong>ab</strong></span> <span class='ocrx_word' id='word_1_21' title='bbox 849 1215 897 1278; x_wconf 91' lang='lat' dir='ltr'><strong>eis</strong></span> <span class='ocrx_word' id='word_1_22' title='bbox 928 1235 1061 1302; x_wconf 83' lang='lat' dir='ltr'><strong>peregre</strong></span> <span class='ocrx_word' id='word_1_23' title='bbox 1094 1216 1299 1303; x_wconf 85' lang='lat' dir='ltr'><strong>proficiscens</strong></span> <span class='ocrx_word' id='word_1_24' title='bbox 1330 1217 1525 1305; x_wconf 80' lang='lat' dir='ltr'><strong>elongatur3</strong></span> 
     </span>
     <span class='ocr_line' id='line_1_5' title="bbox 472 1316 1525 1406; baseline 0 -20"><span class='ocrx_word' id='word_1_25' title='bbox 472 1319 625 1406; x_wconf 82' lang='lat' dir='ltr'><strong>elongato</strong></span> <span class='ocrx_word' id='word_1_26' title='bbox 639 1340 782 1404; x_wconf 88' lang='lat' dir='ltr'><strong>namque</strong></span> <span class='ocrx_word' id='word_1_27' title='bbox 798 1316 1041 1404; x_wconf 71' lang='lat' dir='ltr'><strong>patrefamilias,</strong></span> <span class='ocrx_word' id='word_1_28' title='bbox 1056 1319 1247 1406; x_wconf 89' lang='lat' dir='ltr'><strong>plerumque</strong></span> <span class='ocrx_word' id='word_1_29' title='bbox 1262 1320 1370 1386; x_wconf 85' lang='lat' dir='ltr'><strong>solent</strong></span> <span class='ocrx_word' id='word_1_30' title='bbox 1385 1323 1525 1386; x_wconf 88' lang='lat' dir='ltr'><strong>minores</strong></span> 
     </span>
     <span class='ocr_line' id='line_1_6' title="bbox 473 1421 1522 1508; baseline 0 -20"><span class='ocrx_word' id='word_1_31' title='bbox 473 1422 598 1488; x_wconf 80' lang='lat' dir='ltr'><strong>familia</strong></span> <span class='ocrx_word' id='word_1_32' title='bbox 632 1421 829 1500; x_wconf 78' lang='lat' dir='ltr'><strong>insolescere,</strong></span> <span class='ocrx_word' id='word_1_33' title='bbox 870 1421 998 1486; x_wconf 88' lang='lat' dir='ltr'><strong>omissis</strong></span> <span class='ocrx_word' id='word_1_34' title='bbox 1035 1422 1187 1508; x_wconf 87' lang='lat' dir='ltr'><strong>operibus</strong></span> <span class='ocrx_word' id='word_1_35' title='bbox 1220 1424 1340 1502; x_wconf 85' lang='lat' dir='ltr'><strong>otiari;</strong></span> <span class='ocrx_word' id='word_1_36' title='bbox 1373 1425 1522 1500; x_wconf 88' lang='lat' dir='ltr'><strong>otiantes,</strong></span> 
     </span>
     <span class='ocr_line' id='line_1_7' title="bbox 474 1523 1524 1611; baseline 0.002 -23"><span class='ocrx_word' id='word_1_37' title='bbox 474 1525 568 1590; x_wconf 89' lang='lat' dir='ltr'><strong>malis</strong></span> <span class='ocrx_word' id='word_1_38' title='bbox 600 1547 674 1610; x_wconf 87' lang='lat' dir='ltr'><strong>quae</strong></span> <span class='ocrx_word' id='word_1_39' title='bbox 706 1524 800 1590; x_wconf 85' lang='lat' dir='ltr'><strong>docet</strong></span> <span class='ocrx_word' id='word_1_40' title='bbox 832 1524 981 1590; x_wconf 72' lang='lat' dir='ltr'><strong>otiositas</strong></span> <span class='ocrx_word' id='word_1_41' title='bbox 1012 1523 1181 1611; x_wconf 72' lang='lat' dir='ltr'><strong>immergi5</strong></span> <span class='ocrx_word' id='word_1_42' title='bbox 1204 1525 1359 1604; x_wconf 86' lang='lat' dir='ltr'><strong>immersi,</strong></span> <span class='ocrx_word' id='word_1_43' title='bbox 1382 1531 1524 1591; x_wconf 80' lang='lat' dir='ltr'><strong>contem·</strong></span> 
     </span>
     <span class='ocr_line' id='line_1_8' title="bbox 474 1625 1522 1715; baseline 0.001 -23"><span class='ocrx_word' id='word_1_44' title='bbox 474 1649 551 1693; x_wconf 87' lang='lat' dir='ltr'><strong>nere</strong></span> <span class='ocrx_word' id='word_1_45' title='bbox 574 1629 683 1709; x_wconf 77' lang='lat' dir='ltr'><strong>bona,</strong></span> <span class='ocrx_word' id='word_1_46' title='bbox 704 1631 959 1705; x_wconf 82' lang='lat' dir='ltr'><strong>contemnentes,</strong></span> <span class='ocrx_word' id='word_1_47' title='bbox 981 1625 1054 1710; x_wconf 85' lang='lat' dir='ltr'><strong>jam</strong></span> <span class='ocrx_word' id='word_1_48' title='bbox 1087 1648 1155 1692; x_wconf 89' lang='lat' dir='ltr'><strong>nou</strong></span> <span class='ocrx_word' id='word_1_49' title='bbox 1186 1628 1348 1714; x_wconf 83' lang='lat' dir='ltr'><strong>suscipere</strong></span> <span class='ocrx_word' id='word_1_50' title='bbox 1382 1627 1522 1715; x_wconf 88' lang='lat' dir='ltr'><strong>discipli-</strong></span> 
     </span>
     <span class='ocr_line' id='line_1_9' title="bbox 474 1729 1521 1817; baseline 0.001 -23"><span class='ocrx_word' id='word_1_51' title='bbox 474 1751 574 1810; x_wconf 88' lang='lat' dir='ltr'><strong>nam;</strong></span> <span class='ocrx_word' id='word_1_52' title='bbox 604 1751 743 1816; x_wconf 88' lang='lat' dir='ltr'><strong>quorum</strong></span> <span class='ocrx_word' id='word_1_53' title='bbox 768 1729 898 1794; x_wconf 86' lang='lat' dir='ltr'><strong>nullum</strong></span> <span class='ocrx_word' id='word_1_54' title='bbox 926 1733 1087 1816; x_wconf 81' lang='lat' dir='ltr'><strong>praesente</strong></span> <span class='ocrx_word' id='word_1_55' title='bbox 1116 1729 1352 1816; x_wconf 77' lang='lat' dir='ltr'><strong>patrebmilias</strong></span> <span class='ocrx_word' id='word_1_56' title='bbox 1382 1735 1521 1817; x_wconf 78' lang='lat' dir='ltr'><strong>attemp</strong></span> 
     </span>
     <span class='ocr_line' id='line_1_10' title="bbox 474 1831 1522 1916; baseline -0.001 -17"><span class='ocrx_word' id='word_1_57' title='bbox 474 1838 609 1899; x_wconf 83' lang='lat' dir='ltr'><strong>teretur.</strong></span> <span class='ocrx_word' id='word_1_58' title='bbox 656 1833 789 1912; x_wconf 81' lang='lat' dir='ltr'><strong>Quanto</strong></span> <span class='ocrx_word' id='word_1_59' title='bbox 823 1832 926 1916; x_wconf 85' lang='lat' dir='ltr'><strong>igitur</strong></span> <span class='ocrx_word' id='word_1_60' title='bbox 956 1831 1088 1916; x_wconf 86' lang='lat' dir='ltr'><strong>pronior</strong></span> <span class='ocrx_word' id='word_1_61' title='bbox 1122 1838 1157 1896; x_wconf 91' lang='lat' dir='ltr'><strong>et</strong></span> <span class='ocrx_word' id='word_1_62' title='bbox 1178 1831 1305 1898; x_wconf 87' lang='lat' dir='ltr'><strong>facilior</strong></span> <span class='ocrx_word' id='word_1_63' title='bbox 1327 1838 1378 1898; x_wconf 91' lang='lat' dir='ltr'><strong>est</strong></span> <span class='ocrx_word' id='word_1_64' title='bbox 1399 1831 1522 1898; x_wconf 80' lang='lat' dir='ltr'><strong>familia</strong></span> 
     </span>
     <span class='ocr_line' id='line_1_11' title="bbox 473 1933 1521 2024; baseline 0.001 -24"><span class='ocrx_word' id='word_1_65' title='bbox 473 1937 509 2001; x_wconf 92' lang='lat' dir='ltr'><strong>in</strong></span> <span class='ocrx_word' id='word_1_66' title='bbox 543 1935 788 2024; x_wconf 88' lang='lat' dir='ltr'><strong>patrisfamilias</strong></span> <span class='ocrx_word' id='word_1_67' title='bbox 821 1934 972 2000; x_wconf 89' lang='lat' dir='ltr'><strong>absentia</strong></span> <span class='ocrx_word' id='word_1_68' title='bbox 1004 1933 1047 1998; x_wconf 91' lang='lat' dir='ltr'><strong>ad</strong></span> <span class='ocrx_word' id='word_1_69' title='bbox 1069 1935 1276 2000; x_wconf 87' lang='lat' dir='ltr'><strong>vacationem</strong></span> <span class='ocrx_word' id='word_1_70' title='bbox 1307 1957 1328 2000; x_wconf 91' lang='lat' dir='ltr'><strong>a</strong></span> <span class='ocrx_word' id='word_1_71' title='bbox 1361 1936 1458 2000; x_wconf 88' lang='lat' dir='ltr'><strong>bonis</strong></span> <span class='ocrx_word' id='word_1_72' title='bbox 1487 1945 1521 2002; x_wconf 87' lang='lat' dir='ltr'><strong>et</strong></span> 
     </span>
     <span class='ocr_line' id='line_1_12' title="bbox 474 2037 1521 2124; baseline 0 -21"><span class='ocrx_word' id='word_1_73' title='bbox 474 2038 633 2104; x_wconf 90' lang='lat' dir='ltr'><strong>malorum</strong></span> <span class='ocrx_word' id='word_1_74' title='bbox 672 2037 956 2124; x_wconf 82' lang='lat' dir='ltr'><strong>perpetrationem,</strong></span> <span class='ocrx_word' id='word_1_75' title='bbox 1001 2039 1099 2100; x_wconf 79' lang='lat' dir='ltr'><strong>tanto</strong></span> <span class='ocrx_word' id='word_1_76' title='bbox 1143 2059 1276 2123; x_wconf 80' lang='lat' dir='ltr'><strong>peregre</strong></span> <span class='ocrx_word' id='word_1_77' title='bbox 1320 2037 1521 2124; x_wconf 68' lang='lat' dir='ltr'><strong>profecturam</strong></span> 
     </span>
     <span class='ocr_line' id='line_1_13' title="bbox 473 2137 1522 2228; baseline -0.002 -22"><span class='ocrx_word' id='word_1_78' title='bbox 473 2141 577 2228; x_wconf 86' lang='lat' dir='ltr'><strong>magis</strong></span> <span class='ocrx_word' id='word_1_79' title='bbox 605 2138 705 2204; x_wconf 88' lang='lat' dir='ltr'><strong>habet</strong></span> <span class='ocrx_word' id='word_1_80' title='bbox 736 2139 962 2216; x_wconf 88' lang='lat' dir='ltr'><strong>necessarium,</strong></span> <span class='ocrx_word' id='word_1_81' title='bbox 985 2137 1038 2203; x_wconf 90' lang='lat' dir='ltr'><strong>his</strong></span> <span class='ocrx_word' id='word_1_82' title='bbox 1071 2159 1153 2223; x_wconf 91' lang='lat' dir='ltr'><strong>quos</strong></span> <span class='ocrx_word' id='word_1_83' title='bbox 1183 2161 1252 2204; x_wconf 76' lang='lat' dir='ltr'><strong>sure</strong></span> <span class='ocrx_word' id='word_1_84' title='bbox 1282 2139 1418 2204; x_wconf 75' lang='lat' dir='ltr'><strong>familiae</strong></span> <span class='ocrx_word' id='word_1_85' title='bbox 1440 2162 1522 2225; x_wconf 74' lang='lat' dir='ltr'><strong>prie-</strong></span> 
     </span>
     <span class='ocr_line' id='line_1_14' title="bbox 473 2239 1520 2331; baseline -0.002 -23"><span class='ocrx_word' id='word_1_86' title='bbox 473 2245 591 2331; x_wconf 83' lang='lat' dir='ltr'><strong>posuit,</strong></span> <span class='ocrx_word' id='word_1_87' title='bbox 608 2241 817 2306; x_wconf 82' lang='lat' dir='ltr'><strong>affectuosius</strong></span> <span class='ocrx_word' id='word_1_88' title='bbox 839 2245 874 2304; x_wconf 92' lang='lat' dir='ltr'><strong>et</strong></span> <span class='ocrx_word' id='word_1_89' title='bbox 897 2240 1079 2305; x_wconf 89' lang='lat' dir='ltr'><strong>districtius</strong></span> <span class='ocrx_word' id='word_1_90' title='bbox 1094 2239 1240 2326; x_wconf 88' lang='lat' dir='ltr'><strong>ejusdem</strong></span> <span class='ocrx_word' id='word_1_91' title='bbox 1256 2240 1391 2306; x_wconf 87' lang='lat' dir='ltr'><strong>familiae</strong></span> <span class='ocrx_word' id='word_1_92' title='bbox 1412 2264 1520 2306; x_wconf 83' lang='lat' dir='ltr'><strong>curam</strong></span> 
     </span>
     <span class='ocr_line' id='line_1_15' title="bbox 473 2341 1522 2432; baseline -0.002 -22"><span class='ocrx_word' id='word_1_93' title='bbox 473 2346 650 2432; x_wconf 83' lang='lat' dir='ltr'><strong>injungere,</strong></span> <span class='ocrx_word' id='word_1_94' title='bbox 667 2348 701 2408; x_wconf 92' lang='lat' dir='ltr'><strong>et</strong></span> <span class='ocrx_word' id='word_1_95' title='bbox 717 2343 884 2430; x_wconf 86' lang='lat' dir='ltr'><strong>praepositi</strong></span> <span class='ocrx_word' id='word_1_96' title='bbox 906 2341 1039 2406; x_wconf 76' lang='lat' dir='ltr'><strong>familiae</strong></span> <span class='ocrx_word' id='word_1_97' title='bbox 1055 2363 1166 2406; x_wconf 86' lang='lat' dir='ltr'><strong>curam</strong></span> <span class='ocrx_word' id='word_1_98' title='bbox 1188 2343 1301 2428; x_wconf 90' lang='lat' dir='ltr'><strong>ipsius,</strong></span> <span class='ocrx_word' id='word_1_99' title='bbox 1316 2343 1353 2408; x_wconf 90' lang='lat' dir='ltr'><strong>in</strong></span> <span class='ocrx_word' id='word_1_100' title='bbox 1375 2343 1522 2408; x_wconf 88' lang='lat' dir='ltr'><strong>absentia</strong></span> 
     </span>
     <span class='ocr_line' id='line_1_16' title="bbox 473 2443 1522 2534; baseline 0 -24"><span class='ocrx_word' id='word_1_101' title='bbox 473 2447 584 2534; x_wconf 87' lang='lat' dir='ltr'><strong>patris,</strong></span> <span class='ocrx_word' id='word_1_102' title='bbox 608 2445 810 2532; x_wconf 81' lang='lat' dir='ltr'><strong>vigilantius,</strong></span> <span class='ocrx_word' id='word_1_103' title='bbox 835 2443 1052 2520; x_wconf 87' lang='lat' dir='ltr'><strong>affectuosius,</strong></span> <span class='ocrx_word' id='word_1_104' title='bbox 1076 2450 1176 2529; x_wconf 89' lang='lat' dir='ltr'><strong>atque</strong></span> <span class='ocrx_word' id='word_1_105' title='bbox 1198 2445 1328 2508; x_wconf 82' lang='lat' dir='ltr'><strong>virilius</strong></span> <span class='ocrx_word' id='word_1_106' title='bbox 1351 2467 1522 2532; x_wconf 82' lang='lat' dir='ltr'><strong>peragere3</strong></span> 
     </span>
     <span class='ocr_line' id='line_1_17' title="bbox 472 2545 1521 2636; baseline -0.003 -21"><span class='ocrx_word' id='word_1_107' title='bbox 472 2550 561 2636; x_wconf 89' lang='lat' dir='ltr'><strong>quod</strong></span> <span class='ocrx_word' id='word_1_108' title='bbox 584 2547 667 2614; x_wconf 89' lang='lat' dir='ltr'><strong>nibil</strong></span> <span class='ocrx_word' id='word_1_109' title='bbox 690 2547 780 2612; x_wconf 87' lang='lat' dir='ltr'><strong>aliud</strong></span> <span class='ocrx_word' id='word_1_110' title='bbox 804 2551 862 2624; x_wconf 90' lang='lat' dir='ltr'><strong>cst,</strong></span> <span class='ocrx_word' id='word_1_111' title='bbox 880 2567 979 2632; x_wconf 88' lang='lat' dir='ltr'><strong>quam</strong></span> <span class='ocrx_word' id='word_1_112' title='bbox 995 2545 1088 2625; x_wconf 72' lang='lat' dir='ltr'><strong>ditm,</strong></span> <span class='ocrx_word' id='word_1_113' title='bbox 1112 2546 1148 2610; x_wconf 94' lang='lat' dir='ltr'><strong>id</strong></span> <span class='ocrx_word' id='word_1_114' title='bbox 1170 2554 1228 2623; x_wconf 79' lang='lat' dir='ltr'><strong>est,</strong></span> <span class='ocrx_word' id='word_1_115' title='bbox 1245 2547 1349 2612; x_wconf 90' lang='lat' dir='ltr'><strong>donec</strong></span> <span class='ocrx_word' id='word_1_116' title='bbox 1371 2547 1521 2612; x_wconf 89' lang='lat' dir='ltr'><strong>dominus</strong></span> 
     </span>
     <span class='ocr_line' id='line_1_18' title="bbox 472 2648 1521 2736; baseline -0.002 -18"><span class='ocrx_word' id='word_1_117' title='bbox 472 2651 575 2732; x_wconf 73' lang='lat' dir='ltr'><strong>cernit,</strong></span> <span class='ocrx_word' id='word_1_118' title='bbox 590 2653 626 2716; x_wconf 90' lang='lat' dir='ltr'><strong>in</strong></span> <span class='ocrx_word' id='word_1_119' title='bbox 648 2655 782 2736; x_wconf 85' lang='lat' dir='ltr'><strong>accepta</strong></span> <span class='ocrx_word' id='word_1_120' title='bbox 796 2649 935 2736; x_wconf 89' lang='lat' dir='ltr'><strong>pecunia</strong></span> <span class='ocrx_word' id='word_1_121' title='bbox 948 2648 1091 2713; x_wconf 84' lang='lat' dir='ltr'><strong>fideliter</strong></span> <span class='ocrx_word' id='word_1_122' title='bbox 1104 2655 1139 2714; x_wconf 94' lang='lat' dir='ltr'><strong>et</strong></span> <span class='ocrx_word' id='word_1_123' title='bbox 1153 2649 1332 2734; x_wconf 86' lang='lat' dir='ltr'><strong>prudenter</strong></span> <span class='ocrx_word' id='word_1_124' title='bbox 1354 2652 1521 2736; x_wconf 83' lang='lat' dir='ltr'><strong>negotiari</strong></span> 
     </span>
     <span class='ocr_line' id='line_1_19' title="bbox 472 2750 1520 2841; baseline -0.004 -21"><span class='ocrx_word' id='word_1_125' title='bbox 472 2755 559 2834; x_wconf 84' lang='lat' dir='ltr'><strong>Quia</strong></span> <span class='ocrx_word' id='word_1_126' title='bbox 592 2754 695 2841; x_wconf 85' lang='lat' dir='ltr'><strong>igitur</strong></span> <span class='ocrx_word' id='word_1_127' title='bbox 726 2773 786 2816; x_wconf 88' lang='lat' dir='ltr'><strong>nos</strong></span> <span class='ocrx_word' id='word_1_128' title='bbox 820 2771 953 2838; x_wconf 80' lang='lat' dir='ltr'><strong>peregre</strong></span> <span class='ocrx_word' id='word_1_129' title='bbox 986 2750 1130 2837; x_wconf 86' lang='lat' dir='ltr'><strong>profecti,</strong></span> <span class='ocrx_word' id='word_1_130' title='bbox 1154 2750 1251 2837; x_wconf 86' lang='lat' dir='ltr'><strong>longe</strong></span> <span class='ocrx_word' id='word_1_131' title='bbox 1273 2773 1387 2816; x_wconf 90' lang='lat' dir='ltr'><strong>sumus</strong></span> <span class='ocrx_word' id='word_1_132' title='bbox 1409 2775 1520 2838; x_wconf 91' lang='lat' dir='ltr'><strong>corpo-</strong></span> 
     </span>
     <span class='ocr_line' id='line_1_20' title="bbox 357 2852 1522 2939; baseline 0 -17"><span class='ocrx_word' id='word_1_133' title='bbox 357 2903 404 2938; x_wconf 55' lang='lat' dir='ltr'><strong>rue.</strong></span> <span class='ocrx_word' id='word_1_134' title='bbox 470 2859 581 2922; x_wconf 87' lang='lat' dir='ltr'><strong>raliter</strong></span> <span class='ocrx_word' id='word_1_135' title='bbox 603 2879 624 2922; x_wconf 90' lang='lat' dir='ltr'><strong>a</strong></span> <span class='ocrx_word' id='word_1_136' title='bbox 645 2855 770 2920; x_wconf 87' lang='lat' dir='ltr'><strong>familia</strong></span> <span class='ocrx_word' id='word_1_137' title='bbox 799 2854 851 2919; x_wconf 90' lang='lat' dir='ltr'><strong>oui</strong></span> <span class='ocrx_word' id='word_1_138' title='bbox 874 2852 1103 2939; x_wconf 68' lang='lat' dir='ltr'><strong>praeponimur,</strong></span> <span class='ocrx_word' id='word_1_139' title='bbox 1127 2873 1186 2918; x_wconf 83' lang='lat' dir='ltr'><strong>vos</strong></span> <span class='ocrx_word' id='word_1_140' title='bbox 1208 2859 1320 2920; x_wconf 89' lang='lat' dir='ltr'><strong>autem</strong></span> <span class='ocrx_word' id='word_1_141' title='bbox 1345 2855 1522 2922; x_wconf 66' lang='lat' dir='ltr'><strong>eratum</strong></span> 
     </span>
     <span class='ocr_line' id='line_1_21' title="bbox 304 2953 1521 3046; baseline -0.003 -20"><span class='ocrx_word' id='word_1_142' title='bbox 304 2953 348 3004; x_wconf 83' lang='lat' dir='ltr'><strong>xii.</strong></span> <span class='ocrx_word' id='word_1_143' title='bbox 379 2965 400 3005; x_wconf 81' lang='lat'><strong>¹·</strong></span> <span class='ocrx_word' id='word_1_144' title='bbox 470 2956 844 3046; x_wconf 53' lang='lat' dir='ltr'><strong>superseminasset</strong></span> <span class='ocrx_word' id='word_1_145' title='bbox 877 2956 1019 3020; x_wconf 90' lang='lat' dir='ltr'><strong>fideliter</strong></span> <span class='ocrx_word' id='word_1_146' title='bbox 1049 2961 1084 3019; x_wconf 88' lang='lat' dir='ltr'><strong>et</strong></span> <span class='ocrx_word' id='word_1_147' title='bbox 1105 2955 1286 3040; x_wconf 88' lang='lat' dir='ltr'><strong>prudenter</strong></span> <span class='ocrx_word' id='word_1_148' title='bbox 1314 2957 1521 3024; x_wconf 83' lang='lat' dir='ltr'><strong>distribuatis</strong></span> 
     </span>
     <span class='ocr_line' id='line_1_22' title="bbox 470 3055 1521 3148; baseline -0.004 -20"><span class='ocrx_word' id='word_1_149' title='bbox 470 3070 505 3128; x_wconf 89' lang='lat' dir='ltr'><strong>et</strong></span> <span class='ocrx_word' id='word_1_150' title='bbox 537 3061 622 3127; x_wconf 78' lang='lat' dir='ltr'><strong>(lctis</strong></span> <span class='ocrx_word' id='word_1_151' title='bbox 644 3060 717 3126; x_wconf 81' lang='lat' dir='ltr'><strong>illis</strong></span> <span class='ocrx_word' id='word_1_152' title='bbox 739 3059 782 3124; x_wconf 78' lang='lat' dir='ltr'><strong>in</strong></span> <span class='ocrx_word' id='word_1_153' title='bbox 806 3065 951 3144; x_wconf 80' lang='lat' dir='ltr'><strong>tempora</strong></span> <span class='ocrx_word' id='word_1_154' title='bbox 974 3055 1085 3122; x_wconf 77' lang='lat' dir='ltr'><strong>tritici</strong></span> <span class='ocrx_word' id='word_1_155' title='bbox 1106 3079 1314 3136; x_wconf 82' lang='lat' dir='ltr'><strong>mensuram,</strong></span> <span class='ocrx_word' id='word_1_156' title='bbox 1338 3061 1426 3145; x_wconf 92' lang='lat' dir='ltr'><strong>quod</strong></span> <span class='ocrx_word' id='word_1_157' title='bbox 1448 3083 1521 3148; x_wconf 90' lang='lat' dir='ltr'><strong>pro·</strong></span> 
     </span>
     <span class='ocr_line' id='line_1_23' title="bbox 470 3159 1519 3248; baseline -0.005 -17"><span class='ocrx_word' id='word_1_158' title='bbox 470 3167 650 3231; x_wconf 82' lang='lat' dir='ltr'><strong>ficisoentcs</strong></span> <span class='ocrx_word' id='word_1_159' title='bbox 673 3185 741 3228; x_wconf 90' lang='lat' dir='ltr'><strong>non</strong></span> <span class='ocrx_word' id='word_1_160' title='bbox 762 3161 906 3239; x_wconf 83' lang='lat' dir='ltr'><strong>fecimus,</strong></span> <span class='ocrx_word' id='word_1_161' title='bbox 922 3159 1058 3246; x_wconf 84' lang='lat' dir='ltr'><strong>profecti</strong></span> <span class='ocrx_word' id='word_1_162' title='bbox 1080 3181 1321 3246; x_wconf 88' lang='lat' dir='ltr'><strong>recompensare</strong></span> <span class='ocrx_word' id='word_1_163' title='bbox 1345 3163 1519 3248; x_wconf 64' lang='lat' dir='ltr'><strong>cupienten</strong></span> 
     </span>
     <span class='ocr_line' id='line_1_24' title="bbox 471 3262 1521 3356; baseline -0.005 -22"><span class='ocrx_word' id='word_1_164' title='bbox 471 3275 510 3334; x_wconf 93' lang='lat' dir='ltr'><strong>ut</strong></span> <span class='ocrx_word' id='word_1_165' title='bbox 543 3287 767 3356; x_wconf 70' lang='lat' dir='ltr'><strong>possumusa,</strong></span> <span class='ocrx_word' id='word_1_166' title='bbox 798 3262 1059 3352; x_wconf 82' lang='lat' dir='ltr'><strong>profundissimis</strong></span> <span class='ocrx_word' id='word_1_167' title='bbox 1092 3262 1198 3328; x_wconf 86' lang='lat' dir='ltr'><strong>cordis</strong></span> <span class='ocrx_word' id='word_1_168' title='bbox 1227 3263 1333 3328; x_wconf 87' lang='lat' dir='ltr'><strong>nostri</strong></span> <span class='ocrx_word' id='word_1_169' title='bbox 1355 3264 1521 3330; x_wconf 77' lang='lat' dir='ltr'><strong>radicibus</strong></span> 
     </span>
     <span class='ocr_line' id='line_1_25' title="bbox 471 3364 1520 3446; baseline -0.003 -11"><span class='ocrx_word' id='word_1_170' title='bbox 471 3371 609 3436; x_wconf 90' lang='lat' dir='ltr'><strong>verbum</strong></span> <span class='ocrx_word' id='word_1_171' title='bbox 640 3372 836 3446; x_wconf 80' lang='lat' dir='ltr'><strong>eructantes,</strong></span> <span class='ocrx_word' id='word_1_172' title='bbox 870 3365 1043 3442; x_wconf 88' lang='lat' dir='ltr'><strong>monendo,</strong></span> <span class='ocrx_word' id='word_1_173' title='bbox 1076 3364 1289 3444; x_wconf 86' lang='lat' dir='ltr'><strong>exhortando,</strong></span> <span class='ocrx_word' id='word_1_174' title='bbox 1322 3364 1520 3432; x_wconf 86' lang='lat' dir='ltr'><strong>obsecrando</strong></span> 
     </span>
     <span class='ocr_line' id='line_1_26' title="bbox 471 3467 1520 3561; baseline -0.004 -23"><span class='ocrx_word' id='word_1_175' title='bbox 471 3495 529 3561; x_wconf 89' lang='lat' dir='ltr'><strong>per</strong></span> <span class='ocrx_word' id='word_1_176' title='bbox 550 3473 768 3560; x_wconf 88' lang='lat' dir='ltr'><strong>aspersionem</strong></span> <span class='ocrx_word' id='word_1_177' title='bbox 784 3469 953 3556; x_wconf 83' lang='lat' dir='ltr'><strong>sanguinis</strong></span> <span class='ocrx_word' id='word_1_178' title='bbox 968 3467 1104 3532; x_wconf 88' lang='lat' dir='ltr'><strong>Domini</strong></span> <span class='ocrx_word' id='word_1_179' title='bbox 1126 3467 1208 3532; x_wconf 75' lang='lat' dir='ltr'><strong>lesu</strong></span> <span class='ocrx_word' id='word_1_180' title='bbox 1224 3467 1356 3545; x_wconf 83' lang='lat' dir='ltr'><strong>Christi,</strong></span> <span class='ocrx_word' id='word_1_181' title='bbox 1372 3468 1520 3549; x_wconf 84' lang='lat' dir='ltr'><strong>dicimus,</strong></span> 
     </span>
     <span class='ocr_line' id='line_1_27' title="bbox 302 3571 1519 3660; baseline -0.004 -18"><span class='ocrx_word' id='word_1_182' title='bbox 302 3581 458 3634; x_wconf 59' lang='lat' dir='ltr'><strong>suuenix.</strong></span> <span class='ocrx_word' id='word_1_183' title='bbox 471 3574 708 3660; x_wconf 59' lang='lat' dir='ltr'><strong>Nacoliam-ini</strong></span> <span class='ocrx_word' id='word_1_184' title='bbox 732 3573 818 3638; x_wconf 82' lang='lat' dir='ltr'><strong>dum</strong></span> <span class='ocrx_word' id='word_1_185' title='bbox 841 3571 939 3637; x_wconf 81' lang='lat' dir='ltr'><strong>venio</strong></span> <span class='ocrx_word' id='word_1_186' title='bbox 950 3595 964 3649; x_wconf 92' lang='lat'><strong>,·</strong></span> <span class='ocrx_word' id='word_1_187' title='bbox 987 3575 1185 3657; x_wconf 80' lang='lat' dir='ltr'><strong>potestatem</strong></span> <span class='ocrx_word' id='word_1_188' title='bbox 1207 3571 1381 3634; x_wconf 88' lang='lat' dir='ltr'><strong>ministerii</strong></span> <span class='ocrx_word' id='word_1_189' title='bbox 1403 3571 1519 3638; x_wconf 81' lang='lat' dir='ltr'><strong>aalrrtis</strong></span> 
     </span>
     <span class='ocr_line' id='line_1_28' title="bbox 305 3655 1518 3758; baseline -0.008 -10"><span class='ocrx_word' id='word_1_190' title='bbox 305 3655 343 3700; x_wconf 81' lang='lat'><strong>¹³&#39;</strong></span> <span class='ocrx_word' id='word_1_191' title='bbox 471 3681 656 3746; x_wconf 89' lang='lat' dir='ltr'><strong>animarum</strong></span> <span class='ocrx_word' id='word_1_192' title='bbox 679 3677 774 3742; x_wconf 90' lang='lat' dir='ltr'><strong>vobis</strong></span> <span class='ocrx_word' id='word_1_193' title='bbox 808 3675 968 3740; x_wconf 77' lang='lat' dir='ltr'><strong>traditam</strong></span> <span class='ocrx_word' id='word_1_194' title='bbox 997 3694 1064 3736; x_wconf 90' lang='lat' dir='ltr'><strong>non</strong></span> <span class='ocrx_word' id='word_1_195' title='bbox 1092 3673 1260 3758; x_wconf 87' lang='lat' dir='ltr'><strong>reponatis</strong></span> <span class='ocrx_word' id='word_1_196' title='bbox 1281 3673 1318 3736; x_wconf 91' lang='lat' dir='ltr'><strong>in</strong></span> <span class='ocrx_word' id='word_1_197' title='bbox 1340 3673 1518 3738; x_wconf 87' lang='lat' dir='ltr'><strong>otiositatis</strong></span> 
     </span>
     <span class='ocr_line' id='line_1_29' title="bbox 470 3774 1519 3866; baseline -0.008 -17"><span class='ocrx_word' id='word_1_198' title='bbox 470 3783 610 3856; x_wconf 88' lang='lat' dir='ltr'><strong>sudario,</strong></span> <span class='ocrx_word' id='word_1_199' title='bbox 634 3779 690 3846; x_wconf 88' lang='lat' dir='ltr'><strong>sed</strong></span> <span class='ocrx_word' id='word_1_200' title='bbox 714 3777 893 3866; x_wconf 89' lang='lat' dir='ltr'><strong>operemini</strong></span> <span class='ocrx_word' id='word_1_201' title='bbox 919 3777 955 3840; x_wconf 90' lang='lat' dir='ltr'><strong>in</strong></span> <span class='ocrx_word' id='word_1_202' title='bbox 977 3796 1024 3853; x_wconf 86' lang='lat' dir='ltr'><strong>ec,</strong></span> <span class='ocrx_word' id='word_1_203' title='bbox 1047 3774 1187 3838; x_wconf 86' lang='lat' dir='ltr'><strong>verbum</strong></span> <span class='ocrx_word' id='word_1_204' title='bbox 1208 3775 1288 3840; x_wconf 81' lang='lat' dir='ltr'><strong>vitre</strong></span> <span class='ocrx_word' id='word_1_205' title='bbox 1318 3776 1519 3841; x_wconf 65' lang='lat' dir='ltr'><strong>incessanter</strong></span> 
     </span>
     <span class='ocr_line' id='line_1_30' title="bbox 471 3875 1517 3970; baseline -0.009 -18"><span class='ocrx_word' id='word_1_206' title='bbox 471 3895 504 3952; x_wconf 86' lang='lat' dir='ltr'><strong>et</strong></span> <span class='ocrx_word' id='word_1_207' title='bbox 519 3881 770 3970; x_wconf 82' lang='lat' dir='ltr'><strong>infatigabiliter</strong></span> <span class='ocrx_word' id='word_1_208' title='bbox 784 3878 1000 3967; x_wconf 69' lang='lat' dir='ltr'><strong>praedicando,</strong></span> <span class='ocrx_word' id='word_1_209' title='bbox 1024 3875 1242 3962; x_wconf 89' lang='lat' dir='ltr'><strong>adimplentes</strong></span> <span class='ocrx_word' id='word_1_210' title='bbox 1265 3877 1355 3961; x_wconf 90' lang='lat' dir='ltr'><strong>quod</strong></span> <span class='ocrx_word' id='word_1_211' title='bbox 1369 3880 1517 3965; x_wconf 74' lang='lat' dir='ltr'><strong>praecipit</strong></span> 
     </span>
     <span class='ocr_line' id='line_1_31' title="bbox 303 3978 1518 4074; baseline 0.001 -30"><span class='ocrx_word' id='word_1_212' title='bbox 303 3993 360 4045; x_wconf 81' lang='lat' dir='ltr'><strong>lsai.</strong></span> <span class='ocrx_word' id='word_1_213' title='bbox 374 3995 437 4048; x_wconf 82' lang='lat' dir='ltr'><strong>lviii.</strong></span> <span class='ocrx_word' id='word_1_214' title='bbox 471 3989 631 4055; x_wconf 86' lang='lat' dir='ltr'><strong>Dominus</strong></span> <span class='ocrx_word' id='word_1_215' title='bbox 654 4008 712 4074; x_wconf 85' lang='lat' dir='ltr'><strong>per</strong></span> <span class='ocrx_word' id='word_1_216' title='bbox 734 3981 952 4072; x_wconf 87' lang='lat' dir='ltr'><strong>prophetam:</strong></span> <span class='ocrx_word' id='word_1_217' title='bbox 979 3978 1106 4057; x_wconf 67' lang='lat' dir='ltr'><strong>canza,</strong></span> <span class='ocrx_word' id='word_1_218' title='bbox 1121 3999 1165 4042; x_wconf 78' lang='lat' dir='ltr'><strong>ne</strong></span> <span class='ocrx_word' id='word_1_219' title='bbox 1180 3999 1286 4055; x_wconf 81' lang='lat' dir='ltr'><strong>cesses,</strong></span> <span class='ocrx_word' id='word_1_220' title='bbox 1310 3979 1414 4064; x_wconf 79' lang='lat' dir='ltr'><strong>quasi</strong></span> <span class='ocrx_word' id='word_1_221' title='bbox 1437 3980 1518 4045; x_wconf 83' lang='lat' dir='ltr'><strong>taba</strong></span> 
     </span>
     <span class='ocr_line' id='line_1_32' title="bbox 469 4079 1517 4165; baseline -0.013 -5"><span class='ocrx_word' id='word_1_222' title='bbox 469 4091 579 4160; x_wconf 70' lang='lat' dir='ltr'><strong>enolto</strong></span> <span class='ocrx_word' id='word_1_223' title='bbox 611 4109 721 4154; x_wconf 82' lang='lat' dir='ltr'><strong>ccccm</strong></span> <span class='ocrx_word' id='word_1_224' title='bbox 745 4095 841 4152; x_wconf 77' lang='lat' dir='ltr'><strong>tarem</strong></span> <span class='ocrx_word' id='word_1_225' title='bbox 872 4089 903 4148; x_wconf 86' lang='lat' dir='ltr'><strong>ct</strong></span> <span class='ocrx_word' id='word_1_226' title='bbox 933 4079 1118 4147; x_wconf 78' lang='lat' dir='ltr'><strong>canoncie</strong></span> <span class='ocrx_word' id='word_1_227' title='bbox 1137 4079 1266 4165; x_wconf 82' lang='lat' dir='ltr'><strong>populo</strong></span> <span class='ocrx_word' id='word_1_228' title='bbox 1295 4101 1368 4146; x_wconf 81' lang='lat' dir='ltr'><strong>meo</strong></span> <span class='ocrx_word' id='word_1_229' title='bbox 1397 4081 1517 4147; x_wconf 81' lang='lat' dir='ltr'><strong>scelera</strong></span> 
     </span>
     <span class='ocr_line' id='line_1_33' title="bbox 470 4183 1516 4273; baseline -0.012 -10"><span class='ocrx_word' id='word_1_230' title='bbox 470 4215 594 4273; x_wconf 72' lang='lat' dir='ltr'><strong>emuna,</strong></span> <span class='ocrx_word' id='word_1_231' title='bbox 619 4199 649 4258; x_wconf 88' lang='lat' dir='ltr'><strong>et</strong></span> <span class='ocrx_word' id='word_1_232' title='bbox 672 4188 792 4256; x_wconf 76' lang='lat' dir='ltr'><strong>decurri</strong></span> <span class='ocrx_word' id='word_1_233' title='bbox 807 4185 912 4253; x_wconf 80' lang='lat' dir='ltr'><strong>Jacob</strong></span> <span class='ocrx_word' id='word_1_234' title='bbox 924 4189 1060 4271; x_wconf 78' lang='lat' dir='ltr'><strong>peccato</strong></span> <span class='ocrx_word' id='word_1_235' title='bbox 1074 4204 1216 4261; x_wconf 60' lang='lat' dir='ltr'><strong>sorrow</strong></span> <span class='ocrx_word' id='word_1_236' title='bbox 1237 4183 1342 4248; x_wconf 90' lang='lat' dir='ltr'><strong>lucem</strong></span> <span class='ocrx_word' id='word_1_237' title='bbox 1358 4184 1516 4250; x_wconf 90' lang='lat' dir='ltr'><strong>bonorum</strong></span> 
     </span>
     <span class='ocr_line' id='line_1_34' title="bbox 304 4283 1517 4388; baseline -0.01 -24"><span class='ocrx_word' id='word_1_238' title='bbox 304 4317 329 4366; x_wconf 79' lang='lat' dir='ltr'><strong>s.</strong></span> <span class='ocrx_word' id='word_1_239' title='bbox 342 4315 415 4370; x_wconf 69' lang='lat' dir='ltr'><strong>Matr.</strong></span> <span class='ocrx_word' id='word_1_240' title='bbox 470 4319 604 4388; x_wconf 90' lang='lat' dir='ltr'><strong>operum</strong></span> <span class='ocrx_word' id='word_1_241' title='bbox 620 4293 765 4378; x_wconf 90' lang='lat' dir='ltr'><strong>undique</strong></span> <span class='ocrx_word' id='word_1_242' title='bbox 789 4287 1020 4365; x_wconf 81' lang='lat' dir='ltr'><strong>diffundend03</strong></span> <span class='ocrx_word' id='word_1_243' title='bbox 1043 4283 1097 4350; x_wconf 92' lang='lat' dir='ltr'><strong>et¹</strong></span> <span class='ocrx_word' id='word_1_244' title='bbox 1121 4284 1170 4348; x_wconf 84' lang='lat' dir='ltr'><strong>aio</strong></span> <span class='ocrx_word' id='word_1_245' title='bbox 1193 4284 1300 4351; x_wconf 79' lang='lat' dir='ltr'><strong>luceat</strong></span> <span class='ocrx_word' id='word_1_246' title='bbox 1326 4285 1388 4352; x_wconf 72' lang='lat' dir='ltr'><strong>lac</strong></span> <span class='ocrx_word' id='word_1_247' title='bbox 1409 4294 1517 4352; x_wconf 78' lang='lat' dir='ltr'><strong>vestra</strong></span> 
     </span>
     <span class='ocr_line' id='line_1_35' title="bbox 302 4387 1516 4474; baseline -0.007 -9"><span class='ocrx_word' id='word_1_248' title='bbox 302 4399 326 4434; x_wconf 74' lang='lat'><strong>⁷·</strong></span> <span class='ocrx_word' id='word_1_249' title='bbox 342 4387 379 4434; x_wconf 81' lang='lat'><strong>¹⁶·</strong></span> <span class='ocrx_word' id='word_1_250' title='bbox 471 4421 586 4468; x_wconf 77' lang='lat' dir='ltr'><strong>corona</strong></span> <span class='ocrx_word' id='word_1_251' title='bbox 607 4392 815 4472; x_wconf 81' lang='lat' dir='ltr'><strong>bominibus,</strong></span> <span class='ocrx_word' id='word_1_252' title='bbox 838 4398 879 4456; x_wconf 84' lang='lat' dir='ltr'><strong>ct</strong></span> <span class='ocrx_word' id='word_1_253' title='bbox 901 4388 1086 4455; x_wconf 71' lang='lat' dir='ltr'><strong>videantur</strong></span> <span class='ocrx_word' id='word_1_254' title='bbox 1108 4408 1212 4474; x_wconf 83' lang='lat' dir='ltr'><strong>opera</strong></span> <span class='ocrx_word' id='word_1_255' title='bbox 1233 4394 1342 4453; x_wconf 83' lang='lat' dir='ltr'><strong>cestra</strong></span> <span class='ocrx_word' id='word_1_256' title='bbox 1364 4388 1462 4470; x_wconf 78' lang='lat' dir='ltr'><strong>beau,</strong></span> <span class='ocrx_word' id='word_1_257' title='bbox 1485 4397 1516 4455; x_wconf 86' lang='lat' dir='ltr'><strong>ct</strong></span> 
     </span>
    </p>
   </div>
   <div class='ocr_carea' id='block_1_3' title="bbox 835 4713 1142 4783">
    <p class='ocr_par' dir='ltr' id='par_1_3' title="bbox 835 4713 1142 4783">
     <span class='ocr_line' id='line_1_36' title="bbox 835 4713 1142 4783; baseline -0.013 -15"><span class='ocrx_word' id='word_1_258' title='bbox 835 4719 842 4748; x_wconf 87' lang='lat'>¹</span> <span class='ocrx_word' id='word_1_259' title='bbox 859 4717 896 4783; x_wconf 80' lang='lat' dir='ltr'><strong>et]</strong></span> <span class='ocrx_word' id='word_1_260' title='bbox 916 4723 952 4778; x_wconf 83' lang='lat' dir='ltr'><strong>ut,</strong></span> <span class='ocrx_word' id='word_1_261' title='bbox 963 4713 1078 4781; x_wconf 78' lang='lat' dir='ltr'><strong>0.c.c,.,</strong></span> <span class='ocrx_word' id='word_1_262' title='bbox 1089 4713 1142 4764; x_wconf 81' lang='lat'><strong>0¹.</strong></span> 
     </span>
    </p>
   </div>
   <div class='ocr_carea' id='block_1_4' title="bbox 0 0 1754 5784">
    <p class='ocr_par' dir='ltr' id='par_1_4' title="bbox 0 0 1754 5784">
     <span class='ocr_line' id='line_1_37' title="bbox 0 0 1754 5784; baseline 0 2"><span class='ocrx_word' id='word_1_263' title='bbox 0 0 1754 5784; x_wconf 95' lang='lat' dir='ltr'><strong> </strong></span> 
     </span>
    </p>
   </div>
  </div>
 </body>
</html>
