3500 5784
485 835 551 900 228
806 849 954 902 sosium
974 847 1204 898 ssommnsm

483 1019 605 1086 citetur
642 1041 701 1107 per
739 1021 969 1100 vicecomitem,
1001 1026 1034 1086 et
1064 1020 1199 1086 tandem
1230 1021 1443 1109 compellatur
1472 1027 1532 1106 per

483 1122 655 1186 baroniam
681 1144 772 1188 suam
802 1123 891 1209 quod
914 1123 1029 1188 veniat
1055 1144 1268 1210 responsurus
1296 1145 1407 1189 eoram
1431 1123 1531 1210 justi·

483 1223 590 1290 tiariis
613 1223 737 1290 domini
761 1225 855 1312 regis,
887 1247 988 1311 quare
1017 1246 1085 1290 non
1114 1225 1248 1291 admisit
1277 1225 1428 1292 idoneam
1457 1245 1531 1310 per·

483 1346 598 1389 sonam
634 1325 684 1390 ad
714 1327 1000 1413 praesentationem
1047 1325 1234 1412 hujusmodi
1278 1327 1531 1414 praesentatoris.

484 1427 527 1494 In
550 1427 612 1493 hoc
638 1427 742 1514 igitur
768 1450 844 1494 casu
868 1429 999 1516 cogitur
1018 1429 1187 1516 episcopus
1211 1429 1346 1495 reddere
1369 1429 1530 1494 rationem

479 1528 585 1614 judici
609 1529 750 1594 seculari·
771 1531 811 1595 de
837 1528 926 1596 facto
949 1553 1017 1609 sno,
1042 1530 1130 1617 quod
1144 1531 1274 1618 proprie
1288 1537 1323 1598 et
1337 1553 1443 1618 perse
1457 1551 1531 1616 per-

483 1631 570 1696 tinet
592 1631 634 1696 ad
655 1631 797 1697 officium
820 1633 1008 1720 episcopale,
1031 1637 1067 1698 et
1087 1655 1146 1720 per
1167 1654 1365 1722 consequens
1387 1633 1531 1698 subicere

484 1755 517 1798 se
532 1733 649 1819 ipsum,
665 1732 833 1820 inquam,¹
851 1734 1038 1822 episcopum
1053 1741 1088 1801 et
1102 1735 1301 1821 dignitatem
1317 1736 1532 1822 episcopalem

484 1834 678 1900 secularium
696 1835 849 1920 judicum
877 1836 1012 1921 judicio.
1051 1836 1240 1903 Admittere
1254 1837 1344 1903 enim
1358 1859 1531 1924 personam

484 1937 626 2022 aliquam
641 1936 685 2002 ad
707 1939 959 2003 ecclesiasticum
974 1939 1167 2005 beneficium
1184 1945 1220 2005 et
1239 1940 1531 2028 regimen'anima

483 2059 566 2118 rum,
582 2040 635 2103 vel
649 2060 797 2105 recusare
818 2061 991 2126 personam
1005 2041 1149 2126 aliquam
1163 2041 1206 2107 ad
1220 2041 1312 2120 illud,
1327 2041 1430 2106 solius
1447 2040 1531 2128 epis·

484 2142 564 2226 copi,
579 2141 666 2206 unde
681 2142 851 2228 episcopus
866 2147 925 2220 est,
941 2141 1082 2208 officium
1097 2147 1131 2208 et
1146 2165 1228 2230 opus
1242 2147 1300 2208 est
1332 2143 1406 2210 Hoc
1419 2149 1530 2209 autem

484 2263 582 2326 quam
597 2242 776 2308 absurdum
798 2245 843 2309 sit
856 2243 970 2322 faeere,
993 2245 1165 2311 manifeste
1178 2250 1347 2312 testantur
1368 2246 1531 2312 anonae

317 2353 459 2406 omniane
483 2344 689 2424 sanctiones3
712 2345 761 2410 ait
783 2347 871 2411 enim
896 2346 1115 2412 Bonefacius⁸
1137 2348 1180 2412 ad
1201 2349 1368 2435 episcopos
1389 2348 1528 2414 Galliae:

315 2420 470 2474 ΗΜ·
484 2451 503 2480 “
526 2445 648 2511 Nullus
672 2447 842 2533 episeopus
865 2471 973 2534 neque
995 2471 1055 2535 pro
1071 2449 1161 2515 civili
1175 2471 1281 2536 neque
1296 2473 1354 2537 pro
1369 2450 1541 2516 criminali·

317 2512 470 2631 iifflffi
484 2553 502 2582 “
525 2569 623 2612 causa
641 2549 730 2635 apud
754 2551 903 2636 quemvis
921 2551 1067 2636 judicem
1089 2553 1159 2618 sive
1174 2553 1304 2618 civilem
1319 2553 1389 2619 sive
1410 2553 1535 2616 milita-

316 2645 437 2697 Osmxi.
485 2655 503 2684 “
526 2672 594 2715 rem
610 2651 811 2736 producatur
826 2652 880 2716 vel
894 2651 1097 2719 exhibeatur.
1139 2654 1355 2740 Magistratus
1369 2655 1458 2720 enim
1473 2655 1532 2740 qui

316 2711 469 2830 llinidiii
485 2757 503 2787 “
525 2751 587 2816 hoc
605 2752 722 2838 jubere
745 2775 844 2818 ausus
868 2753 973 2819 fuerit
994 2755 1171 2820 amissione
1193 2756 1330 2821 rernm'
1350 2761 1385 2822 et
1408 2756 1533 2842 cinguli

316 2850 410 2908 P··³⁹⁸·
484 2854 736 2920 “damnatione
763 2855 953 2942 plectetur.'’
999 2856 1192 2924 Sacerdotes
1223 2859 1311 2922 enim
1345 2881 1366 2923 a
1398 2858 1531 2946 regibus

482 2960 560 3020 sunt
583 2955 773 3036 honorandi,
806 2979 873 3022 non
902 2958 1085 3043 judicandi
1130 2959 1215 3024 (lum
1245 2965 1358 3026 autem
1388 2959 1530 3048 episcopi

483 3079 541 3143 pro
577 3057 731 3123 libertate
768 3059 909 3124 ecclesias
946 3065 1123 3126 teneantur
1152 3083 1255 3147 usque
1286 3061 1330 3126 ad
1362 3060 1534 3149 sanguinis

482 3159 676 3225 effusionem
698 3181 732 3225 se
754 3182 917 3248 opponere
928 3186 937 3241 ;
959 3163 1123 3248 quomodo
1145 3185 1212 3228 non
1227 3164 1416 3249 peccabunt,
1433 3164 1532 3230 liber-

483 3265 588 3326 tatem
611 3263 752 3328 ecclesiae
773 3263 907 3350 ipsimet
929 3265 997 3329 suis
1028 3264 1156 3330 actibus
1186 3266 1327 3351 propriis
1359 3266 1534 3344 violantes,

484 3363 512 3428 si
545 3364 581 3428 in
618 3363 679 3429 hoe
716 3385 793 3430 casu
825 3364 953 3450 judicio
989 3366 1125 3432 semilari
1163 3387 1198 3431 se
1234 3367 1423 3434 subiciuntl
1466 3367 1533 3434 Sed

318 3477 451 3539 objection
485 3466 600 3531 dicunt
622 3465 768 3547 curiales,
793 3467 931 3533 Frustra
947 3468 1114 3555 judicaret
1136 3469 1289 3535 dominus
1314 3493 1375 3536 rex
1396 3471 1437 3536 de
1454 3470 1534 3556 jure

318 3545 421 3665 :22¹ng
485 3573 690 3654 patronatus,
713 3568 778 3634 nisi
800 3574 911 3657 posset
932 3570 1037 3636 faeere
1065 3571 1183 3658 judieii
1216 3573 1268 3638 sui
1298 3575 1533 3641 executionem

485 3672 541 3736 Ad
563 3671 650 3757 quod
671 3672 933 3758 respondendnm
956 3679 1016 3755 est,
1039 3674 1128 3759 qnod
1142 3673 1220 3740 lieet
1234 3680 1349 3741 eontra
1364 3676 1533 3762 justitiam

484 3773 668 3839 habeantur
689 3774 764 3840 laici
787 3773 993 3840 eeclesiarum
1015 3777 1155 3863 patroni,
1172 3781 1207 3843 et
1223 3777 1362 3863 jndioes·
1374 3779 1534 3845 seculares

485 3880 598 3942 eontra
615 3875 781 3962 justitiam
797 3875 1017 3943 determinent
1037 3899 1150 3944 causas
1171 3879 1212 3946 de
1228 3879 1305 3966 jure
1319 3885 1539 3969 patronatus;

485 3979 591 4064 posito
614 3983 726 4044 tamen
748 3979 838 4064 quod
859 3979 941 4046 haec'
961 3979 1052 4066 juste
1083 3980 1207 4062 fierent,
1236 3983 1369 4050 ecelesia
1398 3985 1533 4072 permit-

485 4084 577 4146 tente
613 4080 684 4146 sive
719 4080 948 4148 dissimulante
975 4081 1138 4168 judicium
1169 4085 1320 4166 seculare,
1353 4108 1421 4152 non
1457 4087 1534 4176 plus

485 4187 595 4270 potest
620 4183 656 4246 in
677 4181 739 4248 hac
765 4187 858 4270 parte
889 4183 954 4249 nisi
987 4184 1048 4250 uni
1081 4187 1169 4272 parti
1202 4188 1406 4277 litigantium
1439 4189 1535 4277 adju·

486 4285 592 4351 dicare
601 4284 658 4371 jus
671 4289 864 4370 patronatus
879 4290 914 4351 et
924 4287 980 4372 jus
995 4289 1225 4374 praesentandi,
1240 4297 1276 4357 et
1289 4293 1377 4358 tueri
1395 4299 1534 4379 partem,

486 4410 545 4475 pro
567 4409 633 4474 qua
653 4385 735 4451 tulit
751 4386 956 4474 judicialiter
977 4392 1176 4457 sententiam
1198 4392 1236 4458 in
1266 4416 1306 4460 eo
1337 4395 1426 4481 qnod
1457 4417 1534 4462 sen·

485 4489 668 4558 tentialiter
689 4488 754 4555 sibi
776 4495 827 4556 est
848 4489 1083 4576 adjudicatum,
1105 4494 1168 4561 hoc
1189 4499 1240 4561 est
1261 4497 1299 4560 in
1326 4495 1403 4584 jure
1426 4503 1528 4586 patro

520 4781 526 4814 ¹
544 4785 631 4852 spemn,
657 4783 770 4853 inquom]
788 4785 940 4854 episcopum,
958 4788 986 4840 in
1067 4790 1179 4860 1νινιιιιι]
1197 4809 1246 4848 om.
1257 4793 1365 4866 G.0·0,.

487 4863 779 4961 quantnmdtl.0.,01
1476 4871 1480 4876 ’
