3500 5784
483 841 551 906 242
807 855 956 908 nonnam
978 853 1207 908 nnoeenrnsrn

483 1047 561 1115 pore
576 1046 701 1092 eumeo
715 1023 938 1112 dispensatum
953 1045 1051 1112 super
1065 1025 1288 1112 pluralitatem
1299 1024 1531 1092 beneficiorum
1730 1047 1731 1098 l

484 1128 737 1195 obtinendorum
758 1129 952 1194 habentium
982 1149 1146 1194 annexam
1179 1150 1291 1194 euram
1324 1129 1531 1208 animarum
1730 1155 1731 1193 4

485 1235 684 1318 quapropter
706 1229 901 1295 verebamur
938 1234 972 1296 et
994 1251 1145 1296 veremur
1166 1230 1357 1316 praedietam
1384 1229 1532 1316 praeben·

485 1333 561 1398 dam
575 1333 750 1398 habentem
764 1354 876 1398 euram
891 1325 1075 1398 animarum
1097 1354 1269 1410 annexam,
1286 1333 1316 1397 ei
1331 1331 1529 1397 consimilem

1730 3613 1731 3674 l

484 1457 598 1502 curam
619 1433 757 1500 habenti
778 1433 946 1515 conferre5
979 1435 1056 1500 lieet
1077 1435 1166 1500 enim
1189 1433 1331 1520 plurium
1353 1435 1398 1498 sit
1420 1433 1529 1520 opinio

485 1538 574 1623 quod
595 1532 719 1623 absque
741 1533 983 1622 dispensatione
1005 1535 1132 1624 possint
1165 1531 1262 1602 simul
1284 1530 1417 1602 haberi¹
1441 1529 1529 1599 licite

484 1635 661 1726 praebenda
682 1661 756 1704 oum
789 1659 868 1704 eura
900 1639 1084 1703 animarum
1115 1658 1253 1716 annexa,
1278 1643 1312 1702 et
1337 1635 1529 1724 parochialis

316 1749 408 1802 Hein-
483 1739 637 1822 eeclesia3
669 1761 731 1806 nos
760 1739 873 1805 tamen
895 1739 1001 1806 adhue
1023 1761 1120 1827 super
1144 1738 1207 1806 hoo
1230 1733 1428 1817 dubitemus,
1452 1738 1529 1824 qnia

316 1819 465 1940 ffiffl'
483 1837 649 1930 quondam
680 1837 726 1908 sio
759 1839 967 1929 opinantium
1000 1839 1178 1907 assertione
1202 1838 1340 1923 inducti,
1363 1841 1528 1908 tenmmns

482 1943 675 2032 aliquandiu
696 1940 794 2010 simul
815 1937 1003 2031 hujusmodi
1025 1941 1234 2031 praebendam
1256 1949 1291 2010 et
1312 1942 1526 2031 parochialem

481 2048 670 2128 eeclesiam
707 2046 911 2112 remordente
948 2051 1059 2112 autem
1090 2067 1150 2111 nos
1180 2049 1294 2112 nostra
1330 2046 1527 2113 eonscientia

482 2149 703 2216 oonsuluimue
724 2170 821 2236 super
843 2149 904 2214 hoo
938 2149 1108 2214 dominum
1131 2148 1255 2236 Papam
1281 2171 1339 2235 per
1362 2148 1523 2234 quendam

481 2252 592 2318 vinam
621 2251 805 2339 sapientem
838 2251 1012 2338 Deumque
1037 2251 1222 2331 timentem,
1255 2253 1314 2338 qni
1343 2273 1364 2316 a
1395 2250 1525 2317 domino

482 2353 574 2441 Papa
601 2353 743 2441 suseepit
775 2354 814 2418 in
842 2371 1007 2441 responso,
1030 2353 1107 2420 lieet
1139 2354 1201 2420 hoe
1233 2373 1300 2420 non
1335 2357 1446 2442 posset
1470 2351 1525 2418 oh

479 2455 586 2522 tinere
616 2456 653 2520 in
684 2454 791 2534 litera,
813 2455 903 2542 qnod
931 2475 1140 2543 nequaqnam
1170 2458 1340 2545 potuimus
1370 2457 1440 2522 sine
1461 2455 1525 2522 dis-

479 2558 669 2644 pensatione
682 2557 892 2644 praebendam
905 2557 1093 2644 hujusmodi
1108 2579 1183 2626 enm
1204 2559 1382 2647 parochiali
1397 2559 1526 2625 eeclesia

478 2660 577 2725 simnl
598 2659 688 2726 licite
709 2665 829 2728 waere

311 2773 468 2832 Alaunos
524 2761 639 2828 Movet
670 2785 729 2829 noe
761 2762 896 2851 insuper
928 2784 997 2829 non
1024 2763 1189 2830 modieum
1222 2763 1406 2830 similitudo
1437 2785 1522 2850 quae

311 2844 430 2964 *unffi
479 2864 556 2930 dam
593 2887 693 2952 quem
729 2866 825 2932 vobis
860 2864 1039 2952 aliqnando
1074 2867 1327 2954 proposuimus3
1363 2866 1523 2944 videlieet

311 2967 620 3032 emendaturum
653 2967 808 3032 arbonam
840 2967 1091 3048 fructiferamm,
1114 2991 1254 3054 quarum
1289 2991 1358 3036 iana
1387 2969 1423 3034 in
1451 2989 1525 3034 eon-

477 3069 624 3134 naturali
668 3067 754 3134 sibi’
798 3070 931 3156 regione
975 3069 1082 3136 calida
1125 3070 1271 3137 fanetum
1314 3071 1379 3136 fert
1423 3072 1524 3158 magis

477 3169 705 3257 pretiosnm⁸5
735 3171 887 3257 plantata
908 3175 1020 3238 autem
1042 3173 1079 3236 in
1100 3172 1233 3258 regione
1256 3169 1386 3259 frigida,
1408 3195 1522 3259 parum

476 3277 537 3337 aut
558 3271 643 3336 nihil
663 3277 774 3358 potest
805 3270 929 3338 ibidem
962 3271 1176 3340 fructificare:
1207 3273 1274 3340 alia
1306 3296 1383 3340 vero
1416 3275 1523 3338 minas

476 3371 588 3438 fruotu
623 3374 777 3460 pretiosa,
807 3373 960 3461 plantata
997 3375 1034 3440 in
1067 3375 1273 3442 connaturali
1307 3376 1371 3441 sibi
1392 3371 1523 3462 regione

476 3473 606 3561 frigida,
629 3475 747 3542 fertilis
768 3477 878 3541 estin
900 3475 1033 3542 ferendo
1056 3475 1201 3542 finctum
1223 3478 1401 3544 seeundum
1422 3500 1523 3565 genus

476 3598 595 3659 eunm5
632 3599 731 3663 quam
761 3577 976 3665 proculdubio
1005 3579 1134 3665 sapiens
1166 3579 1362 3646 hortulanus
1393 3581 1522 3668 regione

475 3679 605 3766 frigide,
627 3680 705 3746 lieet
737 3681 848 3746 fructu
879 3681 1038 3760 viliorem,
1062 3682 1267 3769 praeeligeret
1288 3683 1325 3748 in
1346 3683 1443 3749 horto
1465 3705 1522 3748 suo

475 3779 633 3867 plantare.
678 3781 761 3849 Haec
794 3782 908 3869 itaque
938 3786 1086 3848 nostram
1118 3783 1349 3850 infirmitatem
1381 3784 1522 3850 reddunt

475 3883 638 3971 trepidam
671 3885 714 3950 ed
746 3883 931 3950 faciendum
965 3885 1053 3970 quod
1075 3891 1185 3952 vestra
1207 3887 1360 3952 hortatur
1388 3889 1522 3974 rogatio,

475 3985 554 4052 lieet
574 3987 617 4052 ud
638 3986 675 4052 id
696 3985 883 4052 faciendum
907 3987 1051 4053 multum
1082 4009 1142 4054 noe
1172 3989 1344 4075 impellant
1366 3994 1401 4054 et
1421 3989 1522 4076 ipsius

475 4109 541 4174 qno
563 4094 699 4177 rogatur
730 4090 893 4178 sapientia
924 4094 958 4155 et
988 4089 1127 4171 bonitas,
1151 4096 1186 4158 et
1217 4091 1414 4158 desiderium
1436 4092 1522 4178 quod

474 4213 535 4257 nos
556 4191 701 4279 gerimm
723 4188 767 4258 ad
780 4197 927 4258 vestram
944 4193 1150 4260 voluntatem
1173 4195 1409 4282 complendam,
1425 4217 1520 4281 quam

474 4295 654 4380 spiritalem
688 4295 849 4362 eredimus
881 4313 951 4362 esee
984 4301 1020 4362 et
1051 4301 1206 4364 eanetm.
1252 4295 1298 4363 Et
1324 4299 1403 4384 quie
1423 4298 1521 4385 trepi-

473 4645 476 4651 ,
505 4578 629 4647 ¹hntm]
653 4580 720 4642 here,
742 4574 833 4634 (200,
877 4581 972 4632 Brenn
1055 4574 1142 4646 mat]
1161 4578 1211 4644 nbi,
1225 4575 1314 4634 C.C.O.

470 4653 743 4794 ffiwssm
759 4671 775 4712 ι
791 4658 929 4713 eoneetIon
944 4659 972 4712 ln
1055 4659 1065 4693 ⁸
1077 4661 1223 4728 pretiosum]
1233 4659 1424 4729 praeambulae,
1433 4657 1519 4718 000.
