3500 5784
656 843 834 914 arisrond.
1204 844 1277 912 343·

224 1037 255 1098 et
284 1030 412 1100 stridor
438 1031 602 1099 ductim
649 1031 713 1098 His
742 1033 856 1120 itaque
878 1033 940 1098 hac
969 1033 1041 1100 luce
1071 1031 1269 1113 clarioribus,

225 1135 259 1201 et
296 1154 338 1200 ex
382 1136 545 1201 sententia
592 1133 772 1201 Salvatcris
818 1135 996 1201 certissime
1034 1135 1270 1213 constantibus,

227 1235 389 1323 quomodo
426 1241 537 1324 potest
573 1241 686 1303 vestre
723 1239 954 1324 circumspecta
988 1239 1157 1324 sapientia,
1196 1259 1270 1325 pro·

223 1327 368 1425 prioeque
400 1331 516 1406 salutis
553 1341 703 1426 proprius
740 1361 837 1417 amor,
876 1339 1032 1405 terribilis
1070 1361 1199 1426 quoque
1237 1341 1271 1405 et

225 1441 457 1506 districtissimi
483 1441 611 1508 Judicis
636 1442 744 1520 timor,
770 1461 829 1506 vos
851 1461 919 1507 non
941 1441 1133 1530 compellere
1161 1441 1204 1506 ad
1232 1463 1273 1508 ea

225 1565 299 1630 quse
322 1542 524 1609 intendimus
546 1543 703 1609 suaderet
726 1542 843 1610 Oertus
866 1565 940 1608 sum
966 1545 1099 1610 omnino
1129 1543 1217 1631 quod
1243 1545 1271 1609 si

225 1645 402 1732 vigilanter
431 1649 507 1710 actu
532 1647 747 1725 consideretis,
776 1645 908 1711 omnino
930 1662 990 1712 ros
1013 1646 1215 1734 compellent,
1238 1643 1273 1712 et

227 1748 337 1811 omnia
375 1747 557 1813 retinacula
587 1748 681 1815 velut
710 1753 863 1834 stuppam
893 1751 953 1813 aut
982 1761 1175 1813 aranearum
1216 1747 1273 1814 fila

227 1848 390 1914 dirimunt.
422 1849 552 1916 Possem
567 1871 694 1937 quoque
709 1855 744 1916 et
758 1849 824 1915 alia
839 1850 1034 1937 quamplura
1048 1851 1180 1916 omnino
1195 1851 1272 1915 irre

226 1951 398 2038 fragabilia
413 1951 454 2017 de
470 1951 640 2040 Scriptura
661 1972 752 2018 sacra
773 1957 807 2017 et
829 1951 870 2017 de
892 1952 1097 2040 philosophia
1119 1953 1162 2017 ad
1183 1951 1272 2017 idem

227 2053 431 2119 suadendum
453 2055 590 2136 afferre;
613 2054 670 2120 sed
693 2055 735 2120 ad
760 2057 908 2120 vestrum
934 2053 1125 2141 praeclarum
1147 2055 1273 2142 ingeni-

227 2177 284 2220 um
306 2155 426 2222 sufficit
443 2155 504 2221 hoo
521 2169 625 2221 unum
644 2155 733 2243 quod
751 2155 866 2236 scribo,
884 2176 952 2222 nou
972 2155 1016 2221 ad
1033 2157 1271 2233 instruendum,

227 2257 284 2324 sed
317 2258 359 2323 ad
392 2257 625 2323 ilabellandum
663 2264 697 2324 et
735 2259 948 2323 excitandum
985 2254 1080 2323 illum
1115 2279 1274 2345 magnum

228 2363 337 2448 ignem
359 2361 416 2448 qui
439 2361 528 2426 intra
549 2382 608 2426 vos
625 2360 796 2438 clauditur,
817 2365 857 2426 ut
875 2364 1026 2448 erumpat
1044 2362 1081 2426 in
1098 2360 1273 2441 flammam,
1477 2410 1480 2415 ⁴

229 2469 263 2529 et
295 2463 401 2530 moesi
433 2461 592 2529 occuitus
625 2463 688 2550 qui
720 2462 764 2529 du
797 2461 897 2528 domo
923 2469 1006 2529 aaut
1038 2467 1073 2528 et
1106 2463 1398 2528 calcariorum

229 2567 378 2632 eosdem:
407 2567 502 2631 novit
527 2567 614 2632 enirn
642 2566 716 2654 lpse
743 2569 909 2632 scrutator
924 2567 1080 2645 cordium,
1105 2565 1193 2653 quod
1215 2547 1311 2653 ego*
1326 2537 1364 2583 ¹⁵⁹

228 2676 263 2735 et
292 2668 468 2756 praedictus
489 2668 590 2734 frater
616 2668 657 2734 dc
687 2673 797 2734 vestra
827 2667 941 2747 salute,
972 2673 1007 2734 et
1029 2670 1139 2734 vestra
1165 2670 1274 2748 ctiam,

229 2793 303 2837 oum
334 2771 398 2836 Dei
431 2771 644 2856 beneplacito,
677 2771 888 2858 promotione,
911 2770 987 2858 plus
1016 2792 1128 2835 sumus
1157 2771 1275 2836 soliciti

230 2894 327 2960 quam
349 2873 391 2940 de
413 2873 549 2959 alicujus
571 2871 677 2940 clerici
699 2874 735 2938 in
757 2873 818 2938 hac
840 2874 914 2937 vita
933 2872 1084 2960 degentis
1101 2874 1138 2939 in
1157 2872 1276 2939 habitu

231 2977 373 3043 seculari.
419 2973 544 3042 Valete.

693 3265 816 3332 CXXI.

231 3425 400 3506 Rubor-ius,
424 3425 491 3490 Dci
517 3423 634 3510 protis
656 3420 911 3489 lincolniensis
937 3419 1132 3509 Episcopus,
1148 3421 1280 3490 dilectis
1333 3437 1404 3482 1246.

318 3528 361 3594 c'u
400 3522 530 3595 Christo
551 3525 645 3612 filiis
670 3523 846 3591 Haemos
882 3524 1017 3590 Decumo
1054 3533 1085 3591 et
1130 3525 1444 3613 capitulo-Hermus

320 3627 521 3710 Liccoluc'oe,
544 3627 695 3707 sulutem,
717 3627 876 3714 pretium,
900 3632 931 3693 et
953 3625 1213 3694 benedictionem
1291 3610 1425 3663 Iexintm

276 3799 442 3868 Accedens
472 3799 513 3866 ad
543 3819 604 3864 nos
630 3797 768 3864 dilectus
792 3797 880 3862 filius
902 3799 1058 3885 magister
1088 3797 1445 3890 Robeuusbaasonsar

232 3907 413 3992 praecentor
439 3902 579 3968 ecclesiae
606 3899 851 3977 Linooiniensis,
872 3899 968 3965 nobis
990 3922 1033 3966 ex
1050 3903 1145 3987 parte
1168 3891 1445 3993 vanati&

232 4007 327 4083 dixit,
358 4025 417 4070 vos
447 4003 601 4070 admirari
625 4003 711 4088 quod
735 4023 808 4067 cum
831 4003 867 4066 in
888 4003 1031 4088 capitulo
1059 4001 1442 4088 Lincolniensiofuevm·

233 4109 412 4173 dixerimus
444 4127 503 4172 nos
534 4105 619 4172 velle
653 4104 795 4191 incipere
826 4105 1051 4170 visitationem
1085 4127 1105 4169 a
1135 4106 1277 4192 capitulo
1289 4076 1411 4192 ffissf

234 4209 463 4289 Linoolniensi,
498 4211 533 4274 et
566 4207 611 4272 sic
642 4207 685 4272 ad
714 4207 860 4271 membra
896 4206 1061 4272 visitanda
1097 4208 1276 4295 procedere,
1289 4209 1394 4259 siccem

232 4333 403 4377 econverso
414 4311 484 4397 jam
506 4307 611 4376 facere
630 4309 844 4396 deponimus:
869 4307 912 4372 ad
932 4308 1020 4394 quod
1036 4308 1275 4396 respondemus,
1288 4328 1447 4382 bucam

232 4413 342 4501 quod¹
381 4417 557 4500 antequam
602 4413 751 4478 venimus
804 4409 1005 4477 Liuoolniam
1053 4411 1278 4501 proposuimus
1289 4395 1407 4448 ΜΝ

610 4716 617 4746 ¹
633 4713 710 4780 quod]
729 4729 779 4766 om.
793 4712 882 4766 000
