3500 5784
493 823 559 894 246
820 837 967 896 nossem
988 835 1215 894 summm

492 1041 553 1086 nec
573 1017 684 1108 potuit
706 1022 821 1085 nostra
841 1017 992 1084 molestia
1021 1014 1063 1083 de
1092 1020 1203 1084 vestra
1229 1015 1460 1084 molestatione
1481 1037 1537 1082 ex-

492 1127 574 1200 orta,
611 1120 726 1210 gsudii
761 1120 867 1186 nostri
906 1118 1114 1214 diffusionem
1151 1139 1218 1184 non
1262 1119 1444 1206 reprimere,
1481 1120 1537 1186 scd

491 1225 645 1313 repressit
666 1223 796 1290 fortiter
808 1247 817 1303 ;
848 1221 1004 1288 concedat
1033 1226 1145 1287 autem
1168 1220 1330 1287 Dominus
1355 1222 1444 1309 quod
1472 1224 1537 1288 nti·

491 1329 588 1396 liter:
622 1327 675 1393 vis
706 1330 820 1392 tamen
848 1324 947 1392 dicte
980 1323 1139 1392 molestias
1172 1328 1301 1404 nostra,
1339 1325 1403 1390 etsi
1439 1323 1535 1391 fuerit

491 1451 560 1496 non
584 1451 700 1518 perum
722 1427 842 1506 valida,
865 1447 935 1492 non
965 1430 1080 1492 tamen
1109 1426 1305 1492 invalescere
1334 1426 1454 1514 potuit,
1480 1426 1530 1493 ut¹

492 1533 636 1600 multum
657 1531 744 1596 inira
765 1533 870 1598 metes
892 1529 1121 1595 moderaminis
1141 1533 1291 1596 nostrum
1311 1529 1533 1616 comprimeret

491 1635 716 1723 supradictum
746 1633 788 1700 de
815 1636 928 1698 vestra
956 1631 1172 1698 sincerissima
1201 1631 1374 1698 dilectione
1406 1653 1533 1720 concep

492 1741 566 1804 tum
596 1735 762 1824 gaudium
822 1735 901 1800 Non
930 1734 1018 1799 enim
1051 1753 1110 1798 nos
1139 1733 1231 1812 latet,
1269 1733 1327 1798 sed
1363 1734 1532 1821 multiplici

491 1845 585 1928 patet
615 1839 824 1927 experientia,
848 1837 1013 1902 virtutum
1041 1840 1227 1902 vestrarum
1259 1835 1477 1924 infrangibilis
1501 1841 1532 1902 et

489 1941 721 2010 irremissibilis
742 1937 938 2020 constantia,
961 1959 1000 2006 eo
1027 1959 1086 2029 per
1115 1937 1177 2008 hoc
1206 1938 1294 2026 quod
1325 1938 1443 2006 caritas
1464 1959 1532 2004 ves-

489 2048 544 2112 tra
564 2043 666 2110 etiam
687 2044 865 2132 provocate
893 2061 961 2108 uon
986 2038 1146 2119 irritetur,
1170 2060 1230 2106 nec
1253 2041 1387 2120 excidit,
1407 2062 1466 2108 nee
1487 2041 1531 2108 di-

489 2146 707 2214 minutionem
737 2143 883 2230 eusoipit,
909 2141 967 2210 sed
997 2142 1088 2210 omni
1119 2145 1266 2232 tempore
1288 2143 1407 2230 diligit
1452 2143 1530 2212 Cum

489 2248 592 2335 igitur
625 2245 810 2314 dilectionis
839 2249 958 2314 vestre
990 2243 1179 2312 noverimus
1208 2243 1433 2312 inconcussam
1461 2266 1531 2312 con-

487 2351 653 2427 stantiam,
692 2369 760 2415 non
795 2347 915 2438 potuit,
947 2349 986 2413 ut
1023 2368 1123 2434 supra
1159 2345 1311 2426 diximus,
1351 2346 1392 2414 de
1428 2352 1532 2416 vestra

487 2451 716 2520 molestatione
738 2453 852 2520 nostra
873 2445 1025 2514 molestia
1047 2447 1093 2516 sio
1123 2449 1270 2518 animum
1292 2454 1442 2516 nostrum
1463 2471 1532 2516 con·

487 2558 605 2634 eutero,
630 2553 711 2642 quin
739 2551 834 2640 plene
863 2549 1023 2638 gauderet
1053 2549 1095 2618 de
1125 2555 1244 2622 vestrae
1274 2551 1462 2622 sanctitatis
1483 2573 1531 2618 su·

487 2653 692 2745 pereffluenti
713 2653 897 2732 dilectione,
913 2673 1014 2740 quam
1035 2673 1102 2718 non
1125 2659 1296 2739 possumus
1318 2675 1387 2719 non
1409 2654 1532 2724 credero

487 2779 566 2848 erga
586 2779 647 2826 nos
668 2756 892 2824 inconcussam
915 2760 949 2824 ct
977 2755 1077 2822 etiam
1100 2753 1297 2822 irremissam
1312 2777 1530 2844 perseveram:

487 2859 547 2928 aed
560 2881 620 2928 nec
638 2878 828 2928 econverso
842 2856 953 2948 potuit
968 2856 1056 2923 idem
1079 2857 1238 2944 gaudium
1252 2858 1373 2926 dictem
1389 2864 1531 2928 nostram

488 2961 670 3028 molestiam
700 2958 741 3025 de
770 2965 881 3028 vestra
918 2957 1144 3026 molestatione
1174 2958 1332 3042 tollere²;
1366 2959 1425 3026 sed
1460 2961 1532 3031 licet

486 3060 696 3128 adversantia
731 3058 795 3126 eibi
824 3059 892 3126 sint
922 3059 1081 3150 gaudium
1112 3065 1148 3127 ct
1169 3059 1328 3142 molestia,
1352 3061 1532 3128 adinvicem

487 3162 593 3250 magis
614 3184 683 3230 sese
704 3159 932 3248 compulerunt
946 3161 983 3228 in
1005 3165 1220 3248 augmentum
1241 3163 1435 3250 procedere:
1460 3165 1533 3254 qnia

486 3270 601 3332 tamen
630 3263 672 3332 de
701 3262 810 3332 radice
841 3262 968 3350 optima
990 3285 1058 3328 una
1080 3267 1115 3330 et
1141 3267 1278 3350 utraque
1300 3269 1531 3351 processenmt

487 3371 527 3432 ut
542 3387 716 3454 speramus,
732 3385 800 3429 non
821 3362 987 3432 sinerent⁸
1001 3385 1070 3432 sese
1085 3363 1273 3432 alternatim
1289 3365 1533 3452 magnificantes

486 3467 523 3532 in
559 3465 711 3534 vitiosae‘
747 3465 986 3553 superfluitatis
1023 3465 1312 3533 immoderamine⁶
1349 3467 1532 3536 exuberare.

487 3569 640 3657 Utraque
661 3567 765 3656 igitur
786 3568 883 3634 nobie
897 3572 976 3634 eunt
994 3567 1074 3636 laeta
1096 3573 1130 3634 et
1150 3568 1296 3658 jocunda
1317 3569 1436 3654 valde;
1457 3593 1533 3660 gau·

487 3671 580 3737 dium
612 3671 735 3738 scilicet
767 3669 809 3736 de
841 3673 955 3737 vestre
991 3669 1197 3738 serenissima
1232 3670 1386 3754 amicitis,
1424 3678 1460 3739 et
1495 3674 1533 3740 de

416 3763 420 3767 ’
488 3778 599 3840 vestra
618 3771 846 3838 molestatione
875 3775 989 3840 nostra
1017 3772 1185 3839 molestia:
1218 3773 1275 3838 sed
1306 3773 1347 3842 de
1378 3795 1417 3840 eo
1448 3775 1532 3863 quod

488 3879 607 3942 vestim
637 3873 860 3941 molestationi
892 3873 1091 3942 occasionem
1122 3871 1346 3960 praestitimus,
1369 3896 1437 3942 non
1469 3898 1532 3942 me·

489 3977 643 4044 diocriter
671 3974 826 4056 dolemus,
860 3975 999 4044 scientes
1033 3975 1121 4062 quod
1157 3976 1247 4042 omni
1280 3975 1454 4064 diligentia
1483 4001 1532 4044 ca·

490 4079 634 4148 vendam
671 4083 721 4146 est
756 4077 843 4160 filiis,
876 4099 919 4146 ne
956 4077 1106 4166 patribus
1146 4082 1304 4166 praestent
1349 4079 1532 4146 offensionis

490 4181 681 4272 cujusquam
703 4179 912 4248 occasionem.
958 4179 1003 4245 Et
1026 4182 1187 4267 quantum
1216 4179 1369 4248 novimus
1391 4186 1531 4250 vestram

521 4557 529 4588 ¹
547 4556 587 4624 es]
606 4563 639 4619 et,
650 4553 740 4610 c.c.c.
1069 4550 1079 4582 ⁴
1094 4551 1275 4616 mendicem
1291 4555 1317 4604 is
1331 4556 1436 4624 sitien]
1455 4559 1532 4610 modi-

520 4633 706 4701 ²aucre10m
718 4631 807 4686 (tc-C.
1035 4629 1137 4682 licentes
1148 4632 1278 4694 invictose,
1290 4635 1339 4685 Ox.
1352 4637 1461 4706 c.c.0,.

519 4715 663 4781 'cimemJ
677 4709 882 4770 dnerthSS
1050 4711 1531 4782 ‘masimJinmcemenOx
