3500 5784
449 870 490 939 10
775 887 921 936 nossem
945 886 1173 936 usossmnsrs

448 1062 466 1093 “
488 1056 554 1123 Sed
576 1054 623 1123 sie
644 1064 695 1125 est
716 1082 774 1146 per
798 1066 916 1127 ennete
946 1062 1091 1140 diffusus,
1115 1068 1244 1127 utnon
1277 1061 1322 1127 sit
1356 1062 1499 1148 qualitas

447 1164 466 1195 “
488 1160 612 1240 mundi,
645 1162 702 1227 sed
729 1162 917 1229 substantia
947 1165 1100 1245 creatrix,
1125 1166 1195 1229 sins
1228 1164 1339 1230 labore
1372 1186 1497 1251 regens,

448 1268 522 1329 “et
558 1264 629 1329 sine
659 1288 755 1332 onere
786 1268 957 1333 eontinens
987 1265 1173 1333 mnndum.''
1219 1268 1281 1332 Ex‘
1302 1267 1353 1331 his
1389 1266 1498 1333 verbis

446 1366 635 1453 Augustini,
658 1374 698 1435 ut
735 1392 834 1456 supra
871 1370 952 1451 dixi,
976 1371 1183 1457 aliquetenus
1217 1370 1357 1456 juvetur
1387 1374 1498 1434 noster

446 1469 632 1537 intellectus
655 1472 698 1537 ed
729 1474 1082 1561 comprehendendum,
1106 1474 1184 1539 lieet
1206 1474 1299 1539 velut
1331 1472 1372 1538 de
1402 1472 1498 1558 longe

446 1572 481 1637 in
514 1574 636 1653 nubilo,
661 1577 824 1661 quomode
847 1576 939 1643 Deus
961 1577 1085 1663 ubique
1107 1583 1166 1657 est,
1190 1576 1271 1663 quie
1293 1576 1389 1663 plene
1410 1598 1496 1641 eom-

447 1676 645 1763 prehendere
668 1680 830 1765 quomodo
861 1680 930 1767 ipse
960 1682 1084 1765 ubique
1115 1685 1173 1759 est,
1197 1702 1297 1766 supra
1329 1675 1495 1745 viventis¹

447 1780 588 1847 hominis
625 1784 840 1868 capacitatem
877 1788 936 1848 est
996 1782 1090 1847 Sient
1114 1787 1234 1850 eutem
1272 1781 1363 1847 Deus
1399 1781 1497 1847 simul

446 1887 539 1948 totus
572 1890 623 1949 est
650 1885 773 1971 ubique
807 1887 843 1949 in
877 1886 1039 1965 universo,
1078 1885 1129 1949 its
1160 1884 1272 1950 anima
1305 1884 1407 1949 simul·
1425 1888 1498 1949 tote

446 1992 496 2051 est
517 1987 640 2073 ubique
663 1987 700 2052 in
729 2010 861 2075 corpore
893 1989 1064 2068 enimat0;
1099 1986 1188 2052 unde
1210 1987 1419 2074 Augustinus
1441 2008 1498 2051 ex-

445 2112 569 2175 ponens
584 2090 724 2175 qusliter
737 2091 835 2156 homo
846 2092 892 2156 sit
905 2090 1011 2159 fectus
1026 2091 1070 2158 ed
1085 2092 1262 2177 imaginem
1277 2090 1349 2168 Dei,
1362 2090 1412 2154 its
1426 2090 1493 2158 eit:

281 2185 414 2266 benigne
446 2198 464 2227 ‘¹
487 2191 594 2259 Sicuti
610 2193 700 2258 Dens
720 2216 806 2259 unus
820 2194 1082 2281 semperssubique
1096 2198 1188 2259 totus
1211 2199 1269 2272 est,
1286 2193 1397 2259 omnis
1411 2191 1495 2257 vivi-

279 2256 427 2371 liggffiffi'
448 2292 466 2329 ‘'‘
488 2296 598 2375 fluens,
619 2319 763 2377 movens,
787 2302 821 2361 et
843 2298 1038 2384 gubernans,
1054 2297 1101 2363 sie
1115 2296 1227 2362 enims
1240 2298 1277 2361 in
1290 2318 1350 2362 suo
1364 2318 1496 2382 corpore

279 2404 368 2438 mane.
448 2398 608 2484 “ubique
637 2404 710 2465 tote
735 2399 836 2487 viget,
862 2400 1042 2479 vivifiesns,
1074 2399 1271 2487 gubernans,
1299 2405 1333 2464 et
1361 2421 1497 2465 movens

279 2454 432 2599 lieffdpp,
447 2505 463 2535 ‘¹
479 2500 586 2581 ·illud;
597 2523 704 2588 neque
719 2503 806 2567 enim
822 2503 858 2566 in
872 2502 1051 2589 majoribus
1066 2502 1209 2591 eorporis
1222 2503 1377 2567 membris
1391 2502 1497 2589 major

279 2588 317 2702 ἔξ]
355 2626 376 2705 2·
448 2610 464 2641 e
487 2610 522 2670 es
536 2606 573 2669 in
587 2605 770 2671 minoribus
792 2606 907 2684 minor,
924 2607 982 2671 ses
1004 2607 1041 2670 in
1062 2605 1207 2670 minime
1226 2610 1299 2671 eota
1320 2611 1379 2685 est,
1403 2612 1438 2671 e
1459 2605 1495 2669 in

278 2671 410 2775 collisis.
447 2713 465 2745 “
487 2708 640 2773 maximis
662 2714 751 2788 totu;
772 2715 806 2775 et
821 2709 892 2775 haee
914 2714 964 2773 est
978 2708 1087 2795 imago
1106 2708 1246 2774 unitatis
1260 2708 1496 2795 omnipotentis

446 2819 464 2847 “
488 2811 558 2889 Dei,
576 2834 675 2898 quern
689 2812 801 2877 enims
815 2811 851 2876 in
867 2834 901 2876 se
916 2810 1042 2876 hsbet.’'
1076 2811 1163 2877 Item
1177 2811 1266 2879 idem
1281 2810 1324 2875 ad
1338 2810 1496 2876 beetum²

280 2908 385 2987 Snug.
444 2913 651 2979 Jeronimum
667 2913 708 2980 de
731 2914 856 3001 origine
880 2914 1018 2979 snimae:
1047 2913 1362 2995 “Quemadmodum
1383 2913 1494 2978 enims

278 2976 423 3119 {suffit
445 3024 464 3053 “
485 3039 544 3103 per
566 3039 677 3083 omnes
706 3018 884 3105 particulas
918 3016 1060 3103 corporis
1093 3021 1168 3080 tete
1189 3016 1283 3081 adest
1304 3016 1410 3096 simul,
1433 3038 1494 3082 nee

278 3116 406 3175 les-⁵8³·
445 3128 463 3155 “
485 3118 613 3184 minor³
627 3121 664 3185 in
686 3120 877 3197 minoribus,
892 3141 953 3185 nee
975 3120 1080 3206 mej0r
1101 3118 1138 3183 in
1153 3117 1332 3205 majoribus
1355 3125 1413 3199 est,
1437 3120 1493 3185 sed

444 3231 461 3259 “
485 3229 596 3289 tumen
627 3223 663 3286 in
685 3223 758 3288 eliis
789 3223 960 3299 intentius,
984 3223 1021 3287 in
1047 3221 1121 3287 eliis
1142 3222 1307 3287 remissius
1330 3228 1492 3309 operetm·,

444 3336 461 3363 ‘¹
484 3350 558 3392 cum
585 3327 620 3391 in
646 3326 784 3412 singulis
808 3325 978 3413 particulis
1006 3324 1149 3412 eorporis
1177 3325 1395 3390 essentialiter
1420 3330 1493 3390 tote

441 3438 459 3466 “
482 3431 527 3496 sit
539 3428 570 3508 ;'’
592 3430 642 3495 its
664 3436 698 3495 et
712 3429 811 3507 Deus,
828 3452 904 3494 eum
925 3429 969 3493 sit
991 3427 1028 3493 in
1047 3428 1201 3493 omnibus
1215 3428 1442 3510 essentialiter,
1457 3433 1493 3494 et

440 3538 531 3599 totus
554 3534 590 3598 in
609 3532 682 3611 illis,
698 3536 810 3598 tamen
834 3533 962 3619 plenius
984 3554 1052 3596 esse
1077 3532 1197 3596 dieitur
1210 3531 1247 3595 in
1261 3530 1329 3597 eis⁴
1346 3554 1427 3618 quos
1441 3531 1491 3597 in-

440 3637 578 3702 habitet.
625 3636 707 3702 Eeee
730 3658 773 3701 ex
794 3636 845 3699 his
868 3635 977 3700 verbis
1000 3640 1112 3722 aperte
1136 3633 1246 3712 hebes,
1270 3635 1359 3719 quod
1381 3636 1492 3701 anima

439 3745 513 3805 tots
534 3740 752 3805 essentialiter
774 3739 898 3823 ubique
920 3742 971 3803 est
993 3738 1029 3800 in
1053 3758 1186 3822 corpore
1212 3737 1301 3823 quod
1322 3737 1492 3818 vivifieet;

439 3842 524 3907 sicut
555 3842 645 3908 Deus
667 3842 790 3928 ubique
812 3846 905 3906 totus
927 3840 1147 3905 essentialiter
1169 3839 1205 3904 in
1227 3840 1381 3905 universo
1403 3840 1492 3926 quod

440 3945 533 4031 regit.
579 3946 696 4031 Neque
719 3944 887 4009 animuin
910 3942 1005 4008 eorde
1028 3942 1106 4020 solo,
1122 3947 1183 4007 eut
1197 3943 1267 4007 solo
1287 3944 1418 4008 eerebre
1440 3949 1491 4009 est

439 4070 498 4135 per
520 4048 716 4130 essentiem;
743 4052 777 4112 et
799 4046 881 4111 alibi
903 4046 940 4110 in
962 4067 1095 4132 eorpere
1117 4066 1185 4111 non
1215 4068 1275 4131 per
1304 4047 1488 4128 essentiam,

441 4150 497 4216 sed
529 4172 588 4238 per
609 4152 769 4216 virtutem
804 4170 905 4227 susm,
939 4154 979 4213 ut
1000 4148 1086 4213 forte
1117 4148 1266 4214 sentiunt
1287 4149 1401 4236 aliqui,
1422 4172 1490 4215 non

441 4254 683 4321 comidemntes
706 4251 794 4338 quod
816 4252 924 4318 virtus
946 4250 1064 4316 enimse
1086 4256 1146 4316 sut
1167 4256 1219 4316 est
1241 4251 1388 4317 accidens
1410 4253 1488 4340 ejus5

442 4362 500 4422 eut
523 4356 708 4423 substantie
730 4360 983 4441 totu,sutps1s
1005 4354 1207 4421 substantiae.
1254 4354 1350 4435 Quod
1372 4356 1401 4423 si
1423 4356 1489 4423 vir·

444 4562 594 4569 ,,....,.-..--..
629 4560 639 4566 .
651 4560 686 4565 -
690 4556 987 4565 —-—-—--—-.--

477 4691 482 4721 ¹
499 4690 612 4756 viventis]
631 4688 730 4749 mentis,
742 4690 791 4741 Ox.
1017 4688 1132 4753 8un'nur]
1152 4703 1201 4739 om.
1214 4689 1305 4743 ΘΟΕ.

473 4772 483 4799 ²
500 4770 606 4837 beatem]
626 4786 674 4821 om.
686 4768 775 4825 duc.
962 4694 969 4825 l
1016 4769 1026 4799 ⁴
1043 4769 1068 4816 in
1079 4768 1127 4833 eir]
1146 4784 1194 4819 om.
1206 4769 1308 4831 C.G.C.‚
1319 4770 1370 4823 Ox.
