<?xml version="1.0" encoding="UTF-8"?>
<!DOCTYPE html PUBLIC "-//W3C//DTD XHTML 1.0 Transitional//EN"
    "http://www.w3.org/TR/xhtml1/DTD/xhtml1-transitional.dtd">
<html xmlns="http://www.w3.org/1999/xhtml" xml:lang="en" lang="en">
 <head>
  <title>
</title>
<meta http-equiv="Content-Type" content="text/html;charset=utf-8" />
  <meta name='ocr-system' content='tesseract 3.04.00' />
  <meta name='ocr-capabilities' content='ocr_page ocr_carea ocr_par ocr_line ocrx_word'/>
</head>
<body>
  <div class='ocr_page' id='page_1' title='image "./robertigrossete00luargoog_0376.png"; bbox 0 0 3500 5784; ppageno 0'>
   <div class='ocr_carea' id='block_1_1' title="bbox 712 819 1329 891">
    <p class='ocr_par' dir='ltr' id='par_1_1' title="bbox 712 819 1329 891">
     <span class='ocr_line' id='line_1_1' title="bbox 712 819 1329 891; baseline 0.002 -2"><span class='ocrx_word' id='word_1_1' title='bbox 712 837 894 889; x_wconf 72' lang='lat' dir='ltr'><strong>merois.</strong></span> <span class='ocrx_word' id='word_1_2' title='bbox 1261 819 1329 891; x_wconf 74' lang='grc'><strong>233</strong></span> 
     </span>
    </p>
   </div>
   <div class='ocr_carea' id='block_1_2' title="bbox 279 1011 1400 2518">
    <p class='ocr_par' dir='ltr' id='par_1_2' title="bbox 279 1011 1400 1594">
     <span class='ocr_line' id='line_1_2' title="bbox 280 1011 1327 1082; baseline -0.004 -12"><span class='ocrx_word' id='word_1_3' title='bbox 280 1021 382 1072; x_wconf 82' lang='lat' dir='ltr'><strong>nester</strong></span> <span class='ocrx_word' id='word_1_4' title='bbox 404 1015 437 1074; x_wconf 80' lang='lat' dir='ltr'><strong>iir</strong></span> <span class='ocrx_word' id='word_1_5' title='bbox 455 1016 643 1073; x_wconf 88' lang='lat' dir='ltr'><strong>eomitatibus</strong></span> <span class='ocrx_word' id='word_1_6' title='bbox 659 1017 769 1073; x_wconf 83' lang='lat' dir='ltr'><strong>nostris</strong></span> <span class='ocrx_word' id='word_1_7' title='bbox 786 1016 906 1082; x_wconf 90' lang='lat' dir='ltr'><strong>talibus,</strong></span> <span class='ocrx_word' id='word_1_8' title='bbox 921 1021 952 1072; x_wconf 88' lang='lat' dir='ltr'><strong>et</strong></span> <span class='ocrx_word' id='word_1_9' title='bbox 969 1015 1056 1074; x_wconf 82' lang='lat' dir='ltr'><strong>xxxii.</strong></span> <span class='ocrx_word' id='word_1_10' title='bbox 1067 1013 1184 1073; x_wconf 84' lang='lat' dir='ltr'><strong>mareas</strong></span> <span class='ocrx_word' id='word_1_11' title='bbox 1196 1013 1227 1071; x_wconf 82' lang='lat' dir='ltr'><strong>ot</strong></span> <span class='ocrx_word' id='word_1_12' title='bbox 1242 1011 1283 1069; x_wconf 79' lang='lat' dir='ltr'><strong>ri.</strong></span> <span class='ocrx_word' id='word_1_13' title='bbox 1298 1013 1327 1067; x_wconf 89' lang='lat' dir='ltr'><strong>d.</strong></span> 
     </span>
     <span class='ocr_line' id='line_1_3' title="bbox 279 1097 1329 1172; baseline -0.005 -15"><span class='ocrx_word' id='word_1_14' title='bbox 279 1098 317 1157; x_wconf 87' lang='lat' dir='ltr'><strong>de</strong></span> <span class='ocrx_word' id='word_1_15' title='bbox 339 1099 436 1157; x_wconf 87' lang='lat' dir='ltr'><strong>tribus</strong></span> <span class='ocrx_word' id='word_1_16' title='bbox 453 1100 572 1157; x_wconf 86' lang='lat' dir='ltr'><strong>debitis.</strong></span> <span class='ocrx_word' id='word_1_17' title='bbox 606 1101 648 1156; x_wconf 77' lang='lat' dir='ltr'><strong>Et</strong></span> <span class='ocrx_word' id='word_1_18' title='bbox 670 1100 738 1156; x_wconf 90' lang='lat' dir='ltr'><strong>ideo</strong></span> <span class='ocrx_word' id='word_1_19' title='bbox 759 1100 844 1157; x_wconf 84' lang='lat' dir='ltr'><strong>robis</strong></span> <span class='ocrx_word' id='word_1_20' title='bbox 860 1100 1043 1166; x_wconf 87' lang='lat' dir='ltr'><strong>mandamus,</strong></span> <span class='ocrx_word' id='word_1_21' title='bbox 1064 1099 1147 1172; x_wconf 88' lang='lat' dir='ltr'><strong>quod·</strong></span> <span class='ocrx_word' id='word_1_22' title='bbox 1159 1099 1196 1154; x_wconf 88' lang='lat' dir='ltr'><strong>do</strong></span> <span class='ocrx_word' id='word_1_23' title='bbox 1214 1097 1329 1154; x_wconf 78' lang='lat' dir='ltr'><strong>catallis</strong></span> 
     </span>
     <span class='ocr_line' id='line_1_4' title="bbox 280 1181 1328 1256; baseline -0.002 -17"><span class='ocrx_word' id='word_1_24' title='bbox 280 1199 347 1254; x_wconf 73' lang='lat' dir='ltr'><strong>quar</strong></span> <span class='ocrx_word' id='word_1_25' title='bbox 382 1184 501 1241; x_wconf 84' lang='lat' dir='ltr'><strong>inerunt</strong></span> <span class='ocrx_word' id='word_1_26' title='bbox 529 1184 608 1252; x_wconf 89' lang='lat' dir='ltr'><strong>talis,</strong></span> <span class='ocrx_word' id='word_1_27' title='bbox 645 1203 712 1256; x_wconf 76' lang='lat' dir='ltr'><strong>qnae</strong></span> <span class='ocrx_word' id='word_1_28' title='bbox 737 1189 807 1241; x_wconf 90' lang='lat' dir='ltr'><strong>sunt</strong></span> <span class='ocrx_word' id='word_1_29' title='bbox 834 1185 867 1240; x_wconf 91' lang='lat' dir='ltr'><strong>in</strong></span> <span class='ocrx_word' id='word_1_30' title='bbox 894 1201 984 1240; x_wconf 89' lang='lat' dir='ltr'><strong>manu</strong></span> <span class='ocrx_word' id='word_1_31' title='bbox 1008 1190 1117 1250; x_wconf 85' lang='lat' dir='ltr'><strong>vestra,</strong></span> <span class='ocrx_word' id='word_1_32' title='bbox 1146 1189 1183 1239; x_wconf 54' lang='lat' dir='ltr'><strong>ut*</strong></span> <span class='ocrx_word' id='word_1_33' title='bbox 1209 1181 1328 1246; x_wconf 87' lang='lat' dir='ltr'><strong>dieitur,</strong></span> 
     </span>
     <span class='ocr_line' id='line_1_5' title="bbox 280 1266 1331 1341; baseline -0.001 -18"><span class='ocrx_word' id='word_1_34' title='bbox 280 1267 413 1324; x_wconf 87' lang='lat' dir='ltr'><strong>babeatis</strong></span> <span class='ocrx_word' id='word_1_35' title='bbox 436 1269 474 1325; x_wconf 91' lang='lat' dir='ltr'><strong>ad</strong></span> <span class='ocrx_word' id='word_1_36' title='bbox 497 1269 677 1326; x_wconf 84' lang='lat' dir='ltr'><strong>seaeoarium</strong></span> <span class='ocrx_word' id='word_1_37' title='bbox 700 1274 834 1326; x_wconf 87' lang='lat' dir='ltr'><strong>nostrum</strong></span> <span class='ocrx_word' id='word_1_38' title='bbox 863 1269 944 1341; x_wconf 90' lang='lat' dir='ltr'><strong>apud</strong></span> <span class='ocrx_word' id='word_1_39' title='bbox 970 1267 1263 1324; x_wconf 77' lang='lat' dir='ltr'><strong>westmonasterium</strong></span> <span class='ocrx_word' id='word_1_40' title='bbox 1297 1266 1331 1322; x_wconf 89' lang='lat' dir='ltr'><strong>in</strong></span> 
     </span>
     <span class='ocr_line' id='line_1_6' title="bbox 281 1351 1331 1425; baseline -0.003 -16"><span class='ocrx_word' id='word_1_41' title='bbox 281 1352 410 1408; x_wconf 84' lang='lat' dir='ltr'><strong>erastino</strong></span> <span class='ocrx_word' id='word_1_42' title='bbox 443 1353 538 1409; x_wconf 88' lang='lat' dir='ltr'><strong>saneti</strong></span> <span class='ocrx_word' id='word_1_43' title='bbox 571 1353 727 1409; x_wconf 72' lang='lat' dir='ltr'><strong>Michaelis</strong></span> <span class='ocrx_word' id='word_1_44' title='bbox 761 1371 817 1425; x_wconf 88' lang='lat' dir='ltr'><strong>per</strong></span> <span class='ocrx_word' id='word_1_45' title='bbox 852 1351 981 1424; x_wconf 86' lang='lat' dir='ltr'><strong>aliquem</strong></span> <span class='ocrx_word' id='word_1_46' title='bbox 1017 1354 1053 1408; x_wconf 86' lang='lat' dir='ltr'><strong>de</strong></span> <span class='ocrx_word' id='word_1_47' title='bbox 1089 1353 1197 1409; x_wconf 85' lang='lat' dir='ltr'><strong>vestris</strong></span> <span class='ocrx_word' id='word_1_48' title='bbox 1233 1351 1331 1407; x_wconf 89' lang='lat' dir='ltr'><strong>omnia</strong></span> 
     </span>
     <span class='ocr_line' id='line_1_7' title="bbox 281 1435 1400 1511; baseline 0 -20"><span class='ocrx_word' id='word_1_49' title='bbox 281 1436 423 1506; x_wconf 68' lang='lat' dir='ltr'><strong>pmdieta</strong></span> <span class='ocrx_word' id='word_1_50' title='bbox 438 1437 545 1494; x_wconf 88' lang='lat' dir='ltr'><strong>debita.</strong></span> <span class='ocrx_word' id='word_1_51' title='bbox 581 1436 725 1509; x_wconf 84' lang='lat' dir='ltr'>Alioquin</span> <span class='ocrx_word' id='word_1_52' title='bbox 741 1437 955 1511; x_wconf 82' lang='lat' dir='ltr'><strong>eapiemnsvos</strong></span> <span class='ocrx_word' id='word_1_53' title='bbox 973 1435 1010 1492; x_wconf 88' lang='lat' dir='ltr'><strong>ad</strong></span> <span class='ocrx_word' id='word_1_54' title='bbox 1027 1436 1177 1493; x_wconf 75' lang='lat' dir='ltr'><strong>baroniam</strong></span> <span class='ocrx_word' id='word_1_55' title='bbox 1190 1441 1330 1493; x_wconf 86' lang='lat' dir='ltr'><strong>vestram.</strong></span> <span class='ocrx_word' id='word_1_56' title='bbox 1396 1461 1400 1469; x_wconf 56' lang='lat'><strong><em>¹</em></strong></span> 
     </span>
     <span class='ocr_line' id='line_1_8' title="bbox 283 1520 1154 1594; baseline 0.006 -19"><span class='ocrx_word' id='word_1_57' title='bbox 283 1520 370 1576; x_wconf 79' lang='lat' dir='ltr'><strong>Teste</strong></span> <span class='ocrx_word' id='word_1_58' title='bbox 387 1538 435 1577; x_wconf 89' lang='lat' dir='ltr'><strong>me</strong></span> <span class='ocrx_word' id='word_1_59' title='bbox 452 1521 526 1594; x_wconf 88' lang='lat' dir='ltr'><strong>ipso,</strong></span> <span class='ocrx_word' id='word_1_60' title='bbox 548 1521 601 1578; x_wconf 73' lang='lat' dir='ltr'><strong>do.</strong></span> <span class='ocrx_word' id='word_1_61' title='bbox 1152 1521 1154 1524; x_wconf 75' lang='grc'><strong>’</strong></span> 
     </span>
    </p>

    <p class='ocr_par' dir='ltr' id='par_1_3' title="bbox 281 1604 1336 2518">
     <span class='ocr_line' id='line_1_9' title="bbox 317 1604 1330 1678; baseline 0 -19"><span class='ocrx_word' id='word_1_62' title='bbox 317 1604 476 1672; x_wconf 79' lang='lat' dir='ltr'><strong>Hemieus,</strong></span> <span class='ocrx_word' id='word_1_63' title='bbox 494 1605 552 1660; x_wconf 90' lang='lat' dir='ltr'><strong>Dei</strong></span> <span class='ocrx_word' id='word_1_64' title='bbox 563 1605 669 1678; x_wconf 84' lang='lat' dir='ltr'><strong>gratia,</strong></span> <span class='ocrx_word' id='word_1_65' title='bbox 689 1604 753 1670; x_wconf 77' lang='lat' dir='ltr'><strong>tre,</strong></span> <span class='ocrx_word' id='word_1_66' title='bbox 773 1604 911 1676; x_wconf 86' lang='lat' dir='ltr'><strong>episeopo</strong></span> <span class='ocrx_word' id='word_1_67' title='bbox 938 1605 1001 1662; x_wconf 90' lang='lat' dir='ltr'><strong>tali.</strong></span> <span class='ocrx_word' id='word_1_68' title='bbox 1045 1605 1219 1662; x_wconf 85' lang='lat' dir='ltr'><strong>Mandemus</strong></span> <span class='ocrx_word' id='word_1_69' title='bbox 1236 1604 1330 1670; x_wconf 82' lang='lat' dir='ltr'><strong>vobis,</strong></span> 
     </span>
     <span class='ocr_line' id='line_1_10' title="bbox 284 1687 1332 1760; baseline 0.002 -18"><span class='ocrx_word' id='word_1_70' title='bbox 284 1687 361 1742; x_wconf 88' lang='lat' dir='ltr'><strong>siout</strong></span> <span class='ocrx_word' id='word_1_71' title='bbox 385 1687 458 1744; x_wconf 88' lang='lat' dir='ltr'><strong>alias</strong></span> <span class='ocrx_word' id='word_1_72' title='bbox 484 1689 568 1745; x_wconf 85' lang='lat' dir='ltr'><strong>vobis</strong></span> <span class='ocrx_word' id='word_1_73' title='bbox 592 1688 807 1752; x_wconf 77' lang='lat' dir='ltr'><strong>mandavimus,</strong></span> <span class='ocrx_word' id='word_1_74' title='bbox 845 1688 924 1760; x_wconf 87' lang='lat' dir='ltr'><strong>quod</strong></span> <span class='ocrx_word' id='word_1_75' title='bbox 952 1689 1054 1746; x_wconf 85' lang='lat' dir='ltr'><strong>venire</strong></span> <span class='ocrx_word' id='word_1_76' title='bbox 1083 1691 1198 1746; x_wconf 78' lang='lat' dir='ltr'><strong>faciatis</strong></span> <span class='ocrx_word' id='word_1_77' title='bbox 1234 1707 1332 1746; x_wconf 86' lang='lat' dir='ltr'><strong>eoram</strong></span> 
     </span>
     <span class='ocr_line' id='line_1_11' title="bbox 281 1769 1334 1845; baseline 0.001 -19"><span class='ocrx_word' id='word_1_78' title='bbox 281 1769 451 1842; x_wconf 74' lang='lat' dir='ltr'><strong>justitiariis</strong></span> <span class='ocrx_word' id='word_1_79' title='bbox 495 1774 604 1829; x_wconf 89' lang='lat' dir='ltr'><strong>nostris</strong></span> <span class='ocrx_word' id='word_1_80' title='bbox 647 1771 725 1845; x_wconf 87' lang='lat' dir='ltr'><strong>apud</strong></span> <span class='ocrx_word' id='word_1_81' title='bbox 759 1771 1053 1829; x_wconf 75' lang='lat' dir='ltr'><strong>westmonasterium</strong></span> <span class='ocrx_word' id='word_1_82' title='bbox 1095 1792 1114 1830; x_wconf 92' lang='lat' dir='ltr'><strong>a</strong></span> <span class='ocrx_word' id='word_1_83' title='bbox 1156 1774 1204 1829; x_wconf 90' lang='lat' dir='ltr'><strong>die</strong></span> <span class='ocrx_word' id='word_1_84' title='bbox 1240 1773 1334 1830; x_wconf 86' lang='lat' dir='ltr'><strong>saneti</strong></span> 
     </span>
     <span class='ocr_line' id='line_1_12' title="bbox 283 1853 1334 1930; baseline 0.002 -20"><span class='ocrx_word' id='word_1_85' title='bbox 283 1853 438 1912; x_wconf 81' lang='lat' dir='ltr'><strong>Miohaeiis</strong></span> <span class='ocrx_word' id='word_1_86' title='bbox 466 1856 501 1913; x_wconf 88' lang='lat' dir='ltr'><strong>iu</strong></span> <span class='ocrx_word' id='word_1_87' title='bbox 527 1863 589 1914; x_wconf 84' lang='lat' dir='ltr'><strong>tres</strong></span> <span class='ocrx_word' id='word_1_88' title='bbox 618 1857 795 1929; x_wconf 89' lang='lat' dir='ltr'><strong>septimanas</strong></span> <span class='ocrx_word' id='word_1_89' title='bbox 824 1857 915 1912; x_wconf 85' lang='lat' dir='ltr'><strong>talem</strong></span> <span class='ocrx_word' id='word_1_90' title='bbox 944 1857 983 1912; x_wconf 93' lang='lat' dir='ltr'><strong>ad</strong></span> <span class='ocrx_word' id='word_1_91' title='bbox 1010 1857 1245 1930; x_wconf 90' lang='lat' dir='ltr'><strong>respondendum</strong></span> <span class='ocrx_word' id='word_1_92' title='bbox 1280 1857 1334 1913; x_wconf 87' lang='lat' dir='ltr'><strong>tali</strong></span> 
     </span>
     <span class='ocr_line' id='line_1_13' title="bbox 284 1938 1334 2013; baseline 0.003 -19"><span class='ocrx_word' id='word_1_93' title='bbox 284 1938 321 1994; x_wconf 93' lang='lat' dir='ltr'><strong>de</strong></span> <span class='ocrx_word' id='word_1_94' title='bbox 342 1940 459 2011; x_wconf 80' lang='lat' dir='ltr'><strong>placito,</strong></span> <span class='ocrx_word' id='word_1_95' title='bbox 480 1959 570 2013; x_wconf 86' lang='lat' dir='ltr'><strong>quare</strong></span> <span class='ocrx_word' id='word_1_96' title='bbox 588 1947 712 1999; x_wconf 81' lang='lat' dir='ltr'><strong>secutus.</strong></span> <span class='ocrx_word' id='word_1_97' title='bbox 723 1945 770 1996; x_wconf 88' lang='lat' dir='ltr'><strong>est</strong></span> <span class='ocrx_word' id='word_1_98' title='bbox 787 1939 930 2011; x_wconf 88' lang='lat' dir='ltr'><strong>plaoitnm</strong></span> <span class='ocrx_word' id='word_1_99' title='bbox 946 1941 979 1996; x_wconf 91' lang='lat' dir='ltr'><strong>in</strong></span> <span class='ocrx_word' id='word_1_100' title='bbox 1002 1942 1085 1998; x_wconf 87' lang='lat' dir='ltr'><strong>ouria</strong></span> <span class='ocrx_word' id='word_1_101' title='bbox 1103 1942 1334 1999; x_wconf 78' lang='lat' dir='ltr'><strong>Christianitatis</strong></span> 
     </span>
     <span class='ocr_line' id='line_1_14' title="bbox 284 2023 1335 2096; baseline 0.002 -18"><span class='ocrx_word' id='word_1_102' title='bbox 284 2023 322 2078; x_wconf 93' lang='lat' dir='ltr'><strong>de</strong></span> <span class='ocrx_word' id='word_1_103' title='bbox 347 2024 423 2080; x_wconf 87' lang='lat' dir='ltr'><strong>laioo</strong></span> <span class='ocrx_word' id='word_1_104' title='bbox 448 2024 549 2081; x_wconf 82' lang='lat' dir='ltr'><strong>ieodo¹</strong></span> <span class='ocrx_word' id='word_1_105' title='bbox 567 2025 622 2082; x_wconf 89' lang='lat' dir='ltr'><strong>tali</strong></span> <span class='ocrx_word' id='word_1_106' title='bbox 647 2029 749 2082; x_wconf 74' lang='lat' dir='ltr'><strong>eontra</strong></span> <span class='ocrx_word' id='word_1_107' title='bbox 777 2023 1006 2096; x_wconf 83' lang='lat' dir='ltr'><strong>prohibitionem</strong></span> <span class='ocrx_word' id='word_1_108' title='bbox 1034 2033 1174 2082; x_wconf 88' lang='lat' dir='ltr'><strong>nostram.</strong></span> <span class='ocrx_word' id='word_1_109' title='bbox 1197 2027 1259 2082; x_wconf 53' lang='lat' dir='ltr'><strong>,us</strong></span> <span class='ocrx_word' id='word_1_110' title='bbox 1281 2043 1335 2081; x_wconf 81' lang='lat' dir='ltr'><strong>vos</strong></span> 
     </span>
     <span class='ocr_line' id='line_1_15' title="bbox 285 2106 1334 2182; baseline 0.002 -20"><span class='ocrx_word' id='word_1_111' title='bbox 285 2112 355 2164; x_wconf 87' lang='lat' dir='ltr'><strong>tune</strong></span> <span class='ocrx_word' id='word_1_112' title='bbox 373 2108 439 2164; x_wconf 87' lang='lat' dir='ltr'><strong>sitis</strong></span> <span class='ocrx_word' id='word_1_113' title='bbox 456 2109 499 2164; x_wconf 89' lang='lat' dir='ltr'><strong>ibi</strong></span> <span class='ocrx_word' id='word_1_114' title='bbox 517 2108 647 2168; x_wconf 76' lang='lat' dir='ltr'><strong>audituri</strong></span> <span class='ocrx_word' id='word_1_115' title='bbox 661 2106 809 2180; x_wconf 81' lang='lat' dir='ltr'><strong>judicium</strong></span> <span class='ocrx_word' id='word_1_116' title='bbox 826 2113 961 2164; x_wconf 83' lang='lat' dir='ltr'><strong>nostrum</strong></span> <span class='ocrx_word' id='word_1_117' title='bbox 979 2108 1015 2164; x_wconf 91' lang='lat' dir='ltr'><strong>de</strong></span> <span class='ocrx_word' id='word_1_118' title='bbox 1032 2110 1097 2177; x_wconf 88' lang='lat' dir='ltr'><strong>hoe,</strong></span> <span class='ocrx_word' id='word_1_119' title='bbox 1118 2111 1195 2182; x_wconf 91' lang='lat' dir='ltr'><strong>quod</strong></span> <span class='ocrx_word' id='word_1_120' title='bbox 1212 2108 1334 2181; x_wconf 75' lang='lat' dir='ltr'><strong>pradic-</strong></span> 
     </span>
     <span class='ocr_line' id='line_1_16' title="bbox 285 2192 1336 2266; baseline 0.002 -19"><span class='ocrx_word' id='word_1_121' title='bbox 285 2197 351 2247; x_wconf 88' lang='lat' dir='ltr'><strong>tum</strong></span> <span class='ocrx_word' id='word_1_122' title='bbox 379 2192 471 2249; x_wconf 79' lang='lat' dir='ltr'><strong>talem</strong></span> <span class='ocrx_word' id='word_1_123' title='bbox 497 2194 598 2249; x_wconf 82' lang='lat' dir='ltr'><strong>venire</strong></span> <span class='ocrx_word' id='word_1_124' title='bbox 626 2210 686 2248; x_wconf 90' lang='lat' dir='ltr'><strong>uon</strong></span> <span class='ocrx_word' id='word_1_125' title='bbox 719 2192 832 2249; x_wconf 80' lang='lat' dir='ltr'><strong>fecistis</strong></span> <span class='ocrx_word' id='word_1_126' title='bbox 867 2210 966 2248; x_wconf 84' lang='lat' dir='ltr'><strong>eoram</strong></span> <span class='ocrx_word' id='word_1_127' title='bbox 1001 2193 1132 2266; x_wconf 71' lang='lat' dir='ltr'><strong>praefatis</strong></span> <span class='ocrx_word' id='word_1_128' title='bbox 1164 2193 1336 2266; x_wconf 83' lang='lat' dir='ltr'><strong>justitiariis</strong></span> 
     </span>
     <span class='ocr_line' id='line_1_17' title="bbox 286 2275 1336 2350; baseline 0.002 -20"><span class='ocrx_word' id='word_1_129' title='bbox 286 2275 395 2331; x_wconf 89' lang='lat' dir='ltr'><strong>nostris</strong></span> <span class='ocrx_word' id='word_1_130' title='bbox 412 2276 491 2348; x_wconf 89' lang='lat' dir='ltr'><strong>apud</strong></span> <span class='ocrx_word' id='word_1_131' title='bbox 507 2276 800 2334; x_wconf 77' lang='lat' dir='ltr'><strong>westmonasterium</strong></span> <span class='ocrx_word' id='word_1_132' title='bbox 818 2294 836 2331; x_wconf 89' lang='lat' dir='ltr'><strong>a</strong></span> <span class='ocrx_word' id='word_1_133' title='bbox 854 2275 903 2332; x_wconf 90' lang='lat' dir='ltr'><strong>die</strong></span> <span class='ocrx_word' id='word_1_134' title='bbox 921 2277 1014 2332; x_wconf 86' lang='lat' dir='ltr'><strong>saneti</strong></span> <span class='ocrx_word' id='word_1_135' title='bbox 1033 2277 1053 2333; x_wconf 88' lang='lat' dir='ltr'><strong>J</strong></span> <span class='ocrx_word' id='word_1_136' title='bbox 1055 2278 1175 2334; x_wconf 88' lang='lat' dir='ltr'><strong>ohannis</strong></span> <span class='ocrx_word' id='word_1_137' title='bbox 1194 2278 1336 2350; x_wconf 76' lang='lat' dir='ltr'><strong>Baptista</strong></span> 
     </span>
     <span class='ocr_line' id='line_1_18' title="bbox 286 2357 1336 2433; baseline 0.003 -20"><span class='ocrx_word' id='word_1_138' title='bbox 286 2357 319 2413; x_wconf 90' lang='lat' dir='ltr'><strong>in</strong></span> <span class='ocrx_word' id='word_1_139' title='bbox 335 2377 384 2414; x_wconf 85' lang='lat' dir='ltr'><strong>xv.</strong></span> <span class='ocrx_word' id='word_1_140' title='bbox 402 2357 476 2415; x_wconf 88' lang='lat' dir='ltr'><strong>dies.</strong></span> <span class='ocrx_word' id='word_1_141' title='bbox 509 2360 574 2416; x_wconf 84' lang='lat' dir='ltr'><strong>Neo</strong></span> <span class='ocrx_word' id='word_1_142' title='bbox 598 2361 688 2416; x_wconf 83' lang='lat' dir='ltr'><strong>breve</strong></span> <span class='ocrx_word' id='word_1_143' title='bbox 705 2365 848 2425; x_wconf 86' lang='lat' dir='ltr'><strong>nostrum,</strong></span> <span class='ocrx_word' id='word_1_144' title='bbox 869 2359 948 2432; x_wconf 91' lang='lat' dir='ltr'><strong>quod</strong></span> <span class='ocrx_word' id='word_1_145' title='bbox 965 2361 1034 2417; x_wconf 90' lang='lat' dir='ltr'><strong>inde</strong></span> <span class='ocrx_word' id='word_1_146' title='bbox 1050 2363 1134 2418; x_wconf 81' lang='lat' dir='ltr'><strong>vobis</strong></span> <span class='ocrx_word' id='word_1_147' title='bbox 1151 2363 1242 2427; x_wconf 80' lang='lat' dir='ltr'><strong>veuit,</strong></span> <span class='ocrx_word' id='word_1_148' title='bbox 1261 2379 1336 2433; x_wconf 71' lang='lat' dir='ltr'><strong>prte-</strong></span> 
     </span>
     <span class='ocr_line' id='line_1_19' title="bbox 287 2442 1334 2518; baseline 0.002 -21"><span class='ocrx_word' id='word_1_149' title='bbox 287 2442 356 2499; x_wconf 79' lang='lat' dir='ltr'><strong>fatis</strong></span> <span class='ocrx_word' id='word_1_150' title='bbox 370 2442 541 2514; x_wconf 85' lang='lat' dir='ltr'><strong>justitiariis</strong></span> <span class='ocrx_word' id='word_1_151' title='bbox 558 2445 667 2500; x_wconf 91' lang='lat' dir='ltr'><strong>nostris</strong></span> <span class='ocrx_word' id='word_1_152' title='bbox 686 2444 764 2517; x_wconf 88' lang='lat' dir='ltr'><strong>apud</strong></span> <span class='ocrx_word' id='word_1_153' title='bbox 780 2444 1075 2501; x_wconf 88' lang='lat' dir='ltr'><strong>westmonasterium</strong></span> <span class='ocrx_word' id='word_1_154' title='bbox 1101 2447 1140 2502; x_wconf 91' lang='lat' dir='ltr'><strong>ad</strong></span> <span class='ocrx_word' id='word_1_155' title='bbox 1163 2446 1334 2518; x_wconf 82' lang='lat' dir='ltr'><strong>praediotum</strong></span> 
     </span>
    </p>
   </div>
   <div class='ocr_carea' id='block_1_3' title="bbox 286 2527 1338 2685">
    <p class='ocr_par' dir='ltr' id='par_1_4' title="bbox 286 2527 1338 2685">
     <span class='ocr_line' id='line_1_20' title="bbox 286 2527 1338 2596; baseline 0.001 -14"><span class='ocrx_word' id='word_1_156' title='bbox 286 2529 446 2583; x_wconf 85' lang='lat' dir='ltr'><strong>terminum</strong></span> <span class='ocrx_word' id='word_1_157' title='bbox 463 2528 596 2594; x_wconf 88' lang='lat' dir='ltr'><strong>misistis,</strong></span> <span class='ocrx_word' id='word_1_158' title='bbox 615 2529 693 2584; x_wconf 88' lang='lat' dir='ltr'><strong>sieut</strong></span> <span class='ocrx_word' id='word_1_159' title='bbox 709 2528 794 2585; x_wconf 86' lang='lat' dir='ltr'><strong>vobis</strong></span> <span class='ocrx_word' id='word_1_160' title='bbox 811 2527 982 2584; x_wconf 88' lang='lat' dir='ltr'><strong>mandatnm</strong></span> <span class='ocrx_word' id='word_1_161' title='bbox 1002 2529 1068 2596; x_wconf 84' lang='lat' dir='ltr'><strong>fuit,</strong></span> <span class='ocrx_word' id='word_1_162' title='bbox 1088 2536 1119 2588; x_wconf 90' lang='lat' dir='ltr'><strong>et</strong></span> <span class='ocrx_word' id='word_1_163' title='bbox 1144 2529 1276 2587; x_wconf 87' lang='lat' dir='ltr'><strong>habeatis</strong></span> <span class='ocrx_word' id='word_1_164' title='bbox 1294 2529 1338 2585; x_wconf 88' lang='lat' dir='ltr'><strong>ibi</strong></span> 
     </span>
     <span class='ocr_line' id='line_1_21' title="bbox 286 2611 812 2685; baseline 0.002 -20"><span class='ocrx_word' id='word_1_165' title='bbox 286 2611 341 2666; x_wconf 87' lang='lat' dir='ltr'><strong>hoe</strong></span> <span class='ocrx_word' id='word_1_166' title='bbox 358 2611 457 2667; x_wconf 87' lang='lat' dir='ltr'><strong>breve.</strong></span> <span class='ocrx_word' id='word_1_167' title='bbox 493 2612 581 2668; x_wconf 79' lang='lat' dir='ltr'><strong>&#39;Peste</strong></span> <span class='ocrx_word' id='word_1_168' title='bbox 599 2613 738 2685; x_wconf 86' lang='lat' dir='ltr'><strong>meipso,</strong></span> <span class='ocrx_word' id='word_1_169' title='bbox 757 2612 812 2669; x_wconf 71' lang='lat' dir='ltr'><strong>de.</strong></span> 
     </span>
    </p>
   </div>
   <div class='ocr_carea' id='block_1_4' title="bbox 321 2667 1336 2768">
    <p class='ocr_par' dir='ltr' id='par_1_5' title="bbox 321 2667 1336 2768">
     <span class='ocr_line' id='line_1_22' title="bbox 321 2667 1336 2768; baseline 0.002 -18"><span class='ocrx_word' id='word_1_170' title='bbox 321 2695 480 2763; x_wconf 83' lang='lat' dir='ltr'><strong>Esuriens,</strong></span> <span class='ocrx_word' id='word_1_171' title='bbox 492 2695 551 2752; x_wconf 91' lang='lat' dir='ltr'><strong>Dei</strong></span> <span class='ocrx_word' id='word_1_172' title='bbox 562 2696 667 2768; x_wconf 81' lang='lat' dir='ltr'><strong>grstia,</strong></span> <span class='ocrx_word' id='word_1_173' title='bbox 682 2695 745 2762; x_wconf 75' lang='lat' dir='ltr'><strong>dre,</strong></span> <span class='ocrx_word' id='word_1_174' title='bbox 758 2695 925 2752; x_wconf 84' lang='lat' dir='ltr'><strong>vioeeomiti</strong></span> <span class='ocrx_word' id='word_1_175' title='bbox 936 2667 989 2752; x_wconf 75' lang='lat' dir='ltr'><strong>taii</strong></span> <span class='ocrx_word' id='word_1_176' title='bbox 1003 2697 1136 2754; x_wconf 88' lang='lat' dir='ltr'><strong>salutem.</strong></span> <span class='ocrx_word' id='word_1_177' title='bbox 1176 2698 1336 2754; x_wconf 81' lang='lat' dir='ltr'><strong>Summone</strong></span> 
     </span>
    </p>
   </div>
   <div class='ocr_carea' id='block_1_5' title="bbox 285 2779 1407 4615">
    <p class='ocr_par' dir='ltr' id='par_1_6' title="bbox 285 2779 1344 3859">
     <span class='ocr_line' id='line_1_23' title="bbox 286 2779 1337 2852; baseline 0.006 -19"><span class='ocrx_word' id='word_1_178' title='bbox 286 2796 341 2850; x_wconf 88' lang='lat' dir='ltr'><strong>per</strong></span> <span class='ocrx_word' id='word_1_179' title='bbox 363 2779 472 2834; x_wconf 89' lang='lat' dir='ltr'><strong>bonurn</strong></span> <span class='ocrx_word' id='word_1_180' title='bbox 497 2780 737 2836; x_wconf 87' lang='lat' dir='ltr'><strong>summonitorem</strong></span> <span class='ocrx_word' id='word_1_181' title='bbox 760 2780 850 2836; x_wconf 85' lang='lat' dir='ltr'><strong>talem</strong></span> <span class='ocrx_word' id='word_1_182' title='bbox 877 2779 1055 2852; x_wconf 80' lang='lat' dir='ltr'><strong>episcopum,</strong></span> <span class='ocrx_word' id='word_1_183' title='bbox 1076 2781 1155 2852; x_wconf 91' lang='lat' dir='ltr'><strong>quod</strong></span> <span class='ocrx_word' id='word_1_184' title='bbox 1182 2781 1222 2838; x_wconf 87' lang='lat' dir='ltr'><strong>sit</strong></span> <span class='ocrx_word' id='word_1_185' title='bbox 1239 2800 1337 2838; x_wconf 89' lang='lat' dir='ltr'><strong>eoram</strong></span> 
     </span>
     <span class='ocr_line' id='line_1_24' title="bbox 285 2851 1338 2935; baseline 0.004 -17"><span class='ocrx_word' id='word_1_186' title='bbox 285 2862 456 2934; x_wconf 87' lang='lat' dir='ltr'><strong>justitiariis</strong></span> <span class='ocrx_word' id='word_1_187' title='bbox 491 2864 600 2920; x_wconf 88' lang='lat' dir='ltr'><strong>nostris</strong></span> <span class='ocrx_word' id='word_1_188' title='bbox 636 2863 715 2935; x_wconf 89' lang='lat' dir='ltr'><strong>apud</strong></span> <span class='ocrx_word' id='word_1_189' title='bbox 749 2863 1045 2919; x_wconf 85' lang='lat' dir='ltr'><strong>westmonasterium</strong></span> <span class='ocrx_word' id='word_1_190' title='bbox 1086 2883 1106 2920; x_wconf 91' lang='lat' dir='ltr'><strong>a</strong></span> <span class='ocrx_word' id='word_1_191' title='bbox 1139 2864 1188 2921; x_wconf 88' lang='lat' dir='ltr'><strong>die</strong></span> <span class='ocrx_word' id='word_1_192' title='bbox 1230 2851 1338 2922; x_wconf 66' lang='lat' dir='ltr'><strong>sanaim</strong></span> 
     </span>
     <span class='ocr_line' id='line_1_25' title="bbox 288 2947 1339 3021; baseline 0.003 -19"><span class='ocrx_word' id='word_1_193' title='bbox 288 2947 441 3003; x_wconf 76' lang='lat' dir='ltr'><strong>Trinitatis</strong></span> <span class='ocrx_word' id='word_1_194' title='bbox 465 2947 498 3002; x_wconf 91' lang='lat' dir='ltr'><strong>in</strong></span> <span class='ocrx_word' id='word_1_195' title='bbox 521 2953 582 3003; x_wconf 90' lang='lat' dir='ltr'><strong>tres</strong></span> <span class='ocrx_word' id='word_1_196' title='bbox 600 2947 787 3019; x_wconf 88' lang='lat' dir='ltr'><strong>septimanas,</strong></span> <span class='ocrx_word' id='word_1_197' title='bbox 811 2953 842 3003; x_wconf 89' lang='lat' dir='ltr'><strong>et</strong></span> <span class='ocrx_word' id='word_1_198' title='bbox 861 2947 904 3002; x_wconf 92' lang='lat' dir='ltr'><strong>ibi</strong></span> <span class='ocrx_word' id='word_1_199' title='bbox 915 2947 1022 3004; x_wconf 84' lang='lat' dir='ltr'><strong>habeat</strong></span> <span class='ocrx_word' id='word_1_200' title='bbox 1039 2947 1190 3015; x_wconf 86' lang='lat' dir='ltr'><strong>deoanum,</strong></span> <span class='ocrx_word' id='word_1_201' title='bbox 1210 2967 1339 3021; x_wconf 83' lang='lat' dir='ltr'><strong>praecen-</strong></span> 
     </span>
     <span class='ocr_line' id='line_1_26' title="bbox 289 3030 1340 3104; baseline 0.002 -17"><span class='ocrx_word' id='word_1_202' title='bbox 289 3037 392 3097; x_wconf 87' lang='lat' dir='ltr'><strong>torem,</strong></span> <span class='ocrx_word' id='word_1_203' title='bbox 411 3035 443 3086; x_wconf 88' lang='lat' dir='ltr'><strong>et</strong></span> <span class='ocrx_word' id='word_1_204' title='bbox 460 3031 668 3087; x_wconf 79' lang='lat' dir='ltr'><strong>cancellarium</strong></span> <span class='ocrx_word' id='word_1_205' title='bbox 684 3030 754 3086; x_wconf 84' lang='lat' dir='ltr'><strong>talis</strong></span> <span class='ocrx_word' id='word_1_206' title='bbox 772 3031 903 3086; x_wconf 84' lang='lat' dir='ltr'><strong>eeelesiae</strong></span> <span class='ocrx_word' id='word_1_207' title='bbox 922 3030 960 3086; x_wconf 86' lang='lat' dir='ltr'><strong>ad</strong></span> <span class='ocrx_word' id='word_1_208' title='bbox 976 3031 1211 3104; x_wconf 88' lang='lat' dir='ltr'><strong>respondendum</strong></span> <span class='ocrx_word' id='word_1_209' title='bbox 1229 3034 1340 3089; x_wconf 86' lang='lat' dir='ltr'><strong>talibus</strong></span> 
     </span>
     <span class='ocr_line' id='line_1_27' title="bbox 291 3113 1341 3186; baseline 0.003 -16"><span class='ocrx_word' id='word_1_210' title='bbox 291 3115 327 3171; x_wconf 91' lang='lat' dir='ltr'><strong>do</strong></span> <span class='ocrx_word' id='word_1_211' title='bbox 353 3114 462 3186; x_wconf 80' lang='lat' dir='ltr'><strong>placito</strong></span> <span class='ocrx_word' id='word_1_212' title='bbox 488 3133 580 3186; x_wconf 88' lang='lat' dir='ltr'><strong>quare</strong></span> <span class='ocrx_word' id='word_1_213' title='bbox 604 3120 763 3171; x_wconf 87' lang='lat' dir='ltr'><strong>tenuerunt</strong></span> <span class='ocrx_word' id='word_1_214' title='bbox 786 3113 928 3186; x_wconf 73' lang='lat' dir='ltr'><strong>placitum</strong></span> <span class='ocrx_word' id='word_1_215' title='bbox 952 3114 985 3169; x_wconf 91' lang='lat' dir='ltr'><strong>in</strong></span> <span class='ocrx_word' id='word_1_216' title='bbox 1009 3116 1092 3170; x_wconf 87' lang='lat' dir='ltr'><strong>ouria</strong></span> <span class='ocrx_word' id='word_1_217' title='bbox 1110 3116 1341 3173; x_wconf 80' lang='lat' dir='ltr'><strong>Christianitatis</strong></span> 
     </span>
     <span class='ocr_line' id='line_1_28' title="bbox 289 3196 1342 3263; baseline 0.003 -9"><span class='ocrx_word' id='word_1_218' title='bbox 289 3199 326 3254; x_wconf 89' lang='lat' dir='ltr'><strong>do</strong></span> <span class='ocrx_word' id='word_1_219' title='bbox 344 3199 519 3255; x_wconf 90' lang='lat' dir='ltr'><strong>arestatione</strong></span> <span class='ocrx_word' id='word_1_220' title='bbox 537 3197 606 3254; x_wconf 87' lang='lat' dir='ltr'><strong>talis</strong></span> <span class='ocrx_word' id='word_1_221' title='bbox 627 3198 737 3263; x_wconf 84' lang='lat' dir='ltr'><strong>cleriei,</strong></span> <span class='ocrx_word' id='word_1_222' title='bbox 752 3197 865 3253; x_wconf 86' lang='lat' dir='ltr'><strong>inventi</strong></span> <span class='ocrx_word' id='word_1_223' title='bbox 884 3196 917 3254; x_wconf 89' lang='lat' dir='ltr'><strong>in</strong></span> <span class='ocrx_word' id='word_1_224' title='bbox 933 3198 1008 3254; x_wconf 87' lang='lat' dir='ltr'><strong>laieo</strong></span> <span class='ocrx_word' id='word_1_225' title='bbox 1025 3199 1128 3255; x_wconf 87' lang='lat' dir='ltr'><strong>habitu</strong></span> <span class='ocrx_word' id='word_1_226' title='bbox 1140 3219 1208 3257; x_wconf 89' lang='lat' dir='ltr'><strong>oum</strong></span> <span class='ocrx_word' id='word_1_227' title='bbox 1224 3201 1277 3257; x_wconf 85' lang='lat' dir='ltr'><strong>tali</strong></span> <span class='ocrx_word' id='word_1_228' title='bbox 1296 3208 1342 3257; x_wconf 76' lang='lat' dir='ltr'><strong>ut·</strong></span> 
     </span>
     <span class='ocr_line' id='line_1_29' title="bbox 290 3281 1342 3358; baseline 0.002 -19"><span class='ocrx_word' id='word_1_229' title='bbox 290 3283 390 3354; x_wconf 79' lang='lat' dir='ltr'><strong>legato</strong></span> <span class='ocrx_word' id='word_1_230' title='bbox 414 3288 516 3339; x_wconf 86' lang='lat' dir='ltr'><strong>eontra</strong></span> <span class='ocrx_word' id='word_1_231' title='bbox 543 3281 771 3354; x_wconf 87' lang='lat' dir='ltr'><strong>prohibitionem</strong></span> <span class='ocrx_word' id='word_1_232' title='bbox 799 3287 939 3338; x_wconf 87' lang='lat' dir='ltr'><strong>nostram.</strong></span> <span class='ocrx_word' id='word_1_233' title='bbox 978 3281 1137 3340; x_wconf 79' lang='lat' dir='ltr'><strong>Summone</strong></span> <span class='ocrx_word' id='word_1_234' title='bbox 1166 3286 1255 3341; x_wconf 88' lang='lat' dir='ltr'><strong>etiam</strong></span> <span class='ocrx_word' id='word_1_235' title='bbox 1288 3305 1342 3358; x_wconf 84' lang='lat' dir='ltr'><strong>per</strong></span> 
     </span>
     <span class='ocr_line' id='line_1_30' title="bbox 289 3365 1343 3439; baseline 0.004 -17"><span class='ocrx_word' id='word_1_236' title='bbox 289 3367 400 3423; x_wconf 88' lang='lat' dir='ltr'><strong>bonum</strong></span> <span class='ocrx_word' id='word_1_237' title='bbox 424 3367 663 3422; x_wconf 88' lang='lat' dir='ltr'><strong>summonitorem</strong></span> <span class='ocrx_word' id='word_1_238' title='bbox 686 3365 860 3437; x_wconf 79' lang='lat' dir='ltr'><strong>pradictum</strong></span> <span class='ocrx_word' id='word_1_239' title='bbox 884 3365 1063 3438; x_wconf 75' lang='lat' dir='ltr'><strong>episcopum,</strong></span> <span class='ocrx_word' id='word_1_240' title='bbox 1083 3369 1162 3439; x_wconf 85' lang='lat' dir='ltr'><strong>quod</strong></span> <span class='ocrx_word' id='word_1_241' title='bbox 1188 3370 1228 3426; x_wconf 83' lang='lat' dir='ltr'><strong>sit</strong></span> <span class='ocrx_word' id='word_1_242' title='bbox 1244 3388 1343 3426; x_wconf 88' lang='lat' dir='ltr'><strong>eoram</strong></span> 
     </span>
     <span class='ocr_line' id='line_1_31' title="bbox 292 3448 1341 3527; baseline 0.003 -20"><span class='ocrx_word' id='word_1_243' title='bbox 292 3451 422 3524; x_wconf 69' lang='lat' dir='ltr'><strong>praefatis</strong></span> <span class='ocrx_word' id='word_1_244' title='bbox 437 3449 609 3522; x_wconf 86' lang='lat' dir='ltr'><strong>justitiariis</strong></span> <span class='ocrx_word' id='word_1_245' title='bbox 627 3449 737 3505; x_wconf 88' lang='lat' dir='ltr'><strong>nostris</strong></span> <span class='ocrx_word' id='word_1_246' title='bbox 755 3448 834 3522; x_wconf 89' lang='lat' dir='ltr'><strong>apud</strong></span> <span class='ocrx_word' id='word_1_247' title='bbox 850 3449 1147 3508; x_wconf 86' lang='lat' dir='ltr'><strong>westmonasterium</strong></span> <span class='ocrx_word' id='word_1_248' title='bbox 1165 3453 1202 3509; x_wconf 90' lang='lat' dir='ltr'><strong>ad</strong></span> <span class='ocrx_word' id='word_1_249' title='bbox 1220 3453 1341 3527; x_wconf 71' lang='lat' dir='ltr'><strong>praedie-</strong></span> 
     </span>
     <span class='ocr_line' id='line_1_32' title="bbox 293 3533 1344 3611; baseline 0.003 -19"><span class='ocrx_word' id='word_1_250' title='bbox 293 3543 356 3593; x_wconf 92' lang='lat' dir='ltr'><strong>tum</strong></span> <span class='ocrx_word' id='word_1_251' title='bbox 373 3536 541 3600; x_wconf 88' lang='lat' dir='ltr'><strong>terminum,</strong></span> <span class='ocrx_word' id='word_1_252' title='bbox 561 3539 592 3590; x_wconf 88' lang='lat' dir='ltr'><strong>et</strong></span> <span class='ocrx_word' id='word_1_253' title='bbox 607 3533 651 3589; x_wconf 90' lang='lat' dir='ltr'><strong>ibi</strong></span> <span class='ocrx_word' id='word_1_254' title='bbox 667 3533 773 3588; x_wconf 88' lang='lat' dir='ltr'><strong>habeat</strong></span> <span class='ocrx_word' id='word_1_255' title='bbox 787 3533 877 3589; x_wconf 87' lang='lat' dir='ltr'><strong>talem</strong></span> <span class='ocrx_word' id='word_1_256' title='bbox 895 3533 932 3588; x_wconf 88' lang='lat' dir='ltr'><strong>ad</strong></span> <span class='ocrx_word' id='word_1_257' title='bbox 944 3535 1177 3606; x_wconf 88' lang='lat' dir='ltr'><strong>respondendum</strong></span> <span class='ocrx_word' id='word_1_258' title='bbox 1195 3539 1344 3611; x_wconf 76' lang='lat' dir='ltr'><strong>praedietis</strong></span> 
     </span>
     <span class='ocr_line' id='line_1_33' title="bbox 293 3616 1344 3694; baseline 0.003 -19"><span class='ocrx_word' id='word_1_259' title='bbox 293 3621 330 3676; x_wconf 91' lang='lat' dir='ltr'><strong>de</strong></span> <span class='ocrx_word' id='word_1_260' title='bbox 355 3619 474 3692; x_wconf 82' lang='lat' dir='ltr'><strong>placito,</strong></span> <span class='ocrx_word' id='word_1_261' title='bbox 494 3635 585 3689; x_wconf 89' lang='lat' dir='ltr'><strong>quare</strong></span> <span class='ocrx_word' id='word_1_262' title='bbox 610 3623 728 3675; x_wconf 88' lang='lat' dir='ltr'><strong>seoutus</strong></span> <span class='ocrx_word' id='word_1_263' title='bbox 754 3622 800 3672; x_wconf 87' lang='lat' dir='ltr'><strong>est</strong></span> <span class='ocrx_word' id='word_1_264' title='bbox 817 3616 900 3682; x_wconf 51' lang='lat' dir='ltr'><strong>idem¹</strong></span> <span class='ocrx_word' id='word_1_265' title='bbox 914 3617 1057 3688; x_wconf 85' lang='lat' dir='ltr'><strong>placitum</strong></span> <span class='ocrx_word' id='word_1_266' title='bbox 1073 3627 1175 3677; x_wconf 89' lang='lat' dir='ltr'><strong>eontra</strong></span> <span class='ocrx_word' id='word_1_267' title='bbox 1191 3623 1344 3694; x_wconf 89' lang='lat' dir='ltr'><strong>prohibiti·</strong></span> 
     </span>
     <span class='ocr_line' id='line_1_34' title="bbox 293 3700 1344 3769; baseline 0.005 -10"><span class='ocrx_word' id='word_1_268' title='bbox 293 3722 379 3760; x_wconf 92' lang='lat' dir='ltr'><strong>onem</strong></span> <span class='ocrx_word' id='word_1_269' title='bbox 395 3708 536 3769; x_wconf 88' lang='lat' dir='ltr'><strong>nostram,</strong></span> <span class='ocrx_word' id='word_1_270' title='bbox 556 3707 586 3758; x_wconf 89' lang='lat' dir='ltr'><strong>et</strong></span> <span class='ocrx_word' id='word_1_271' title='bbox 602 3700 734 3757; x_wconf 81' lang='lat' dir='ltr'><strong>habeatis</strong></span> <span class='ocrx_word' id='word_1_272' title='bbox 746 3701 989 3757; x_wconf 88' lang='lat' dir='ltr'><strong>summonitorem</strong></span> <span class='ocrx_word' id='word_1_273' title='bbox 1008 3709 1038 3759; x_wconf 93' lang='lat' dir='ltr'><strong>et</strong></span> <span class='ocrx_word' id='word_1_274' title='bbox 1049 3705 1104 3761; x_wconf 86' lang='lat' dir='ltr'><strong>hoe</strong></span> <span class='ocrx_word' id='word_1_275' title='bbox 1121 3705 1221 3762; x_wconf 81' lang='lat' dir='ltr'><strong>breve.</strong></span> <span class='ocrx_word' id='word_1_276' title='bbox 1258 3707 1344 3764; x_wconf 70' lang='lat' dir='ltr'><strong>Teste</strong></span> 
     </span>
     <span class='ocr_line' id='line_1_35' title="bbox 293 3787 511 3859; baseline -0.014 -15"><span class='ocrx_word' id='word_1_277' title='bbox 293 3787 433 3859; x_wconf 88' lang='lat' dir='ltr'><strong>meipso,</strong></span> <span class='ocrx_word' id='word_1_278' title='bbox 453 3793 511 3843; x_wconf 86' lang='lat' dir='ltr'><strong>eto.</strong></span> 
     </span>
    </p>

    <p class='ocr_par' dir='ltr' id='par_1_7' title="bbox 293 3868 1407 4615">
     <span class='ocr_line' id='line_1_36' title="bbox 328 3868 1407 3941; baseline 0.003 -13"><span class='ocrx_word' id='word_1_279' title='bbox 328 3871 487 3937; x_wconf 89' lang='lat' dir='ltr'><strong>Henrieus,</strong></span> <span class='ocrx_word' id='word_1_280' title='bbox 512 3869 569 3926; x_wconf 88' lang='lat' dir='ltr'><strong>Dei</strong></span> <span class='ocrx_word' id='word_1_281' title='bbox 595 3869 702 3941; x_wconf 85' lang='lat' dir='ltr'><strong>gratia,</strong></span> <span class='ocrx_word' id='word_1_282' title='bbox 727 3868 793 3934; x_wconf 73' lang='lat' dir='ltr'><strong>do,</strong></span> <span class='ocrx_word' id='word_1_283' title='bbox 820 3868 956 3941; x_wconf 89' lang='lat' dir='ltr'><strong>episeopo</strong></span> <span class='ocrx_word' id='word_1_284' title='bbox 988 3868 1043 3929; x_wconf 81' lang='lat' dir='ltr'><strong>tali</strong></span> <span class='ocrx_word' id='word_1_285' title='bbox 1066 3871 1199 3930; x_wconf 81' lang='lat' dir='ltr'><strong>salutem.</strong></span> <span class='ocrx_word' id='word_1_286' title='bbox 1238 3873 1345 3932; x_wconf 80' lang='lat' dir='ltr'><strong>Sciatis</strong></span> <span class='ocrx_word' id='word_1_287' title='bbox 1400 3889 1407 3899; x_wconf 90' lang='grc'><em>“</em></span> 
     </span>
     <span class='ocr_line' id='line_1_37' title="bbox 294 3951 1346 4028; baseline 0.003 -17"><span class='ocrx_word' id='word_1_288' title='bbox 294 3956 372 4028; x_wconf 89' lang='lat' dir='ltr'><strong>quod</strong></span> <span class='ocrx_word' id='word_1_289' title='bbox 389 3955 458 4011; x_wconf 90' lang='lat' dir='ltr'><strong>talis</strong></span> <span class='ocrx_word' id='word_1_290' title='bbox 475 3971 601 4026; x_wconf 90' lang='lat' dir='ltr'><strong>persona</strong></span> <span class='ocrx_word' id='word_1_291' title='bbox 624 3952 711 4009; x_wconf 88' lang='lat' dir='ltr'><strong>debet</strong></span> <span class='ocrx_word' id='word_1_292' title='bbox 734 3951 819 4008; x_wconf 88' lang='lat' dir='ltr'><strong>nobis</strong></span> <span class='ocrx_word' id='word_1_293' title='bbox 843 3971 910 4010; x_wconf 82' lang='lat' dir='ltr'>xxv.</span> <span class='ocrx_word' id='word_1_294' title='bbox 940 3971 1053 4010; x_wconf 87' lang='lat' dir='ltr'><strong>mareas</strong></span> <span class='ocrx_word' id='word_1_295' title='bbox 1079 3961 1109 4010; x_wconf 92' lang='lat' dir='ltr'><strong>et</strong></span> <span class='ocrx_word' id='word_1_296' title='bbox 1134 3956 1285 4014; x_wconf 88' lang='lat' dir='ltr'><strong>dimidiam</strong></span> <span class='ocrx_word' id='word_1_297' title='bbox 1309 3960 1346 4014; x_wconf 88' lang='lat' dir='ltr'><strong>de</strong></span> 
     </span>
     <span class='ocr_line' id='line_1_38' title="bbox 294 4035 1346 4110; baseline 0.004 -15"><span class='ocrx_word' id='word_1_298' title='bbox 294 4041 351 4095; x_wconf 86' lang='lat' dir='ltr'><strong>fine</strong></span> <span class='ocrx_word' id='word_1_299' title='bbox 369 4037 545 4110; x_wconf 80' lang='lat' dir='ltr'><strong>quemfecit</strong></span> <span class='ocrx_word' id='word_1_300' title='bbox 565 4054 663 4094; x_wconf 88' lang='lat' dir='ltr'><strong>eoram</strong></span> <span class='ocrx_word' id='word_1_301' title='bbox 686 4035 856 4107; x_wconf 84' lang='lat' dir='ltr'><strong>justitiariis</strong></span> <span class='ocrx_word' id='word_1_302' title='bbox 883 4035 993 4094; x_wconf 85' lang='lat' dir='ltr'><strong>nostris</strong></span> <span class='ocrx_word' id='word_1_303' title='bbox 1018 4037 1123 4094; x_wconf 90' lang='lat' dir='ltr'><strong>ultimo</strong></span> <span class='ocrx_word' id='word_1_304' title='bbox 1141 4039 1346 4099; x_wconf 88' lang='lat' dir='ltr'><strong>itinerantibus</strong></span> 
     </span>
     <span class='ocr_line' id='line_1_39' title="bbox 294 4120 1345 4192; baseline 0.003 -13"><span class='ocrx_word' id='word_1_305' title='bbox 294 4125 326 4179; x_wconf 90' lang='lat' dir='ltr'><strong>in</strong></span> <span class='ocrx_word' id='word_1_306' title='bbox 343 4123 482 4179; x_wconf 84' lang='lat' dir='ltr'><strong>comitatu</strong></span> <span class='ocrx_word' id='word_1_307' title='bbox 499 4121 553 4177; x_wconf 81' lang='lat' dir='ltr'><strong>tali</strong></span> <span class='ocrx_word' id='word_1_308' title='bbox 570 4138 625 4192; x_wconf 89' lang='lat' dir='ltr'><strong>pro</strong></span> <span class='ocrx_word' id='word_1_309' title='bbox 636 4120 880 4191; x_wconf 85' lang='lat' dir='ltr'><strong>transgressione.</strong></span> <span class='ocrx_word' id='word_1_310' title='bbox 919 4120 958 4176; x_wconf 78' lang='lat' dir='ltr'><strong>Et</strong></span> <span class='ocrx_word' id='word_1_311' title='bbox 976 4121 1115 4192; x_wconf 91' lang='lat' dir='ltr'><strong>quianon</strong></span> <span class='ocrx_word' id='word_1_312' title='bbox 1133 4123 1221 4180; x_wconf 89' lang='lat' dir='ltr'><strong>habet</strong></span> <span class='ocrx_word' id='word_1_313' title='bbox 1238 4125 1345 4182; x_wconf 88' lang='lat' dir='ltr'><strong>laienm</strong></span> 
     </span>
     <span class='ocr_line' id='line_1_40' title="bbox 294 4195 1346 4281; baseline 0.002 -18"><span class='ocrx_word' id='word_1_314' title='bbox 294 4195 430 4264; x_wconf 65' lang='lat' dir='ltr'><strong>&#39;feodum</strong></span> <span class='ocrx_word' id='word_1_315' title='bbox 440 4224 494 4277; x_wconf 88' lang='lat' dir='ltr'><strong>per</strong></span> <span class='ocrx_word' id='word_1_316' title='bbox 511 4204 590 4276; x_wconf 89' lang='lat' dir='ltr'><strong>quod</strong></span> <span class='ocrx_word' id='word_1_317' title='bbox 601 4204 740 4276; x_wconf 69' lang='lat' dir='ltr'><strong>djstfingi</strong></span> <span class='ocrx_word' id='word_1_318' title='bbox 757 4204 858 4276; x_wconf 90' lang='lat' dir='ltr'><strong>possit,</strong></span> <span class='ocrx_word' id='word_1_319' title='bbox 870 4204 954 4261; x_wconf 85' lang='lat' dir='ltr'><strong>vobis</strong></span> <span class='ocrx_word' id='word_1_320' title='bbox 966 4200 1139 4263; x_wconf 76' lang='lat' dir='ltr'><strong>mandamus</strong></span> <span class='ocrx_word' id='word_1_321' title='bbox 1153 4209 1234 4279; x_wconf 88' lang='lat' dir='ltr'><strong>quod</strong></span> <span class='ocrx_word' id='word_1_322' title='bbox 1248 4209 1346 4281; x_wconf 87' lang='lat' dir='ltr'><strong>ipsum</strong></span> 
     </span>
     <span class='ocr_line' id='line_1_41' title="bbox 295 4287 1345 4362; baseline 0.001 -14"><span class='ocrx_word' id='word_1_323' title='bbox 295 4291 478 4362; x_wconf 83' lang='lat' dir='ltr'><strong>distringatis</strong></span> <span class='ocrx_word' id='word_1_324' title='bbox 495 4306 549 4361; x_wconf 88' lang='lat' dir='ltr'><strong>per</strong></span> <span class='ocrx_word' id='word_1_325' title='bbox 566 4287 708 4344; x_wconf 90' lang='lat' dir='ltr'><strong>benefieia</strong></span> <span class='ocrx_word' id='word_1_326' title='bbox 725 4305 779 4343; x_wconf 91' lang='lat' dir='ltr'><strong>sua</strong></span> <span class='ocrx_word' id='word_1_327' title='bbox 796 4287 995 4345; x_wconf 80' lang='lat' dir='ltr'><strong>aeclesiastica</strong></span> <span class='ocrx_word' id='word_1_328' title='bbox 1012 4289 1049 4344; x_wconf 88' lang='lat' dir='ltr'><strong>ad</strong></span> <span class='ocrx_word' id='word_1_329' title='bbox 1066 4289 1248 4347; x_wconf 89' lang='lat' dir='ltr'><strong>reddendum</strong></span> <span class='ocrx_word' id='word_1_330' title='bbox 1261 4293 1345 4350; x_wconf 88' lang='lat' dir='ltr'><strong>uobis</strong></span> 
     </span>
     <span class='ocr_line' id='line_1_42' title="bbox 295 4372 1346 4450; baseline 0.003 -19"><span class='ocrx_word' id='word_1_331' title='bbox 295 4375 468 4449; x_wconf 72' lang='lat' dir='ltr'><strong>praedictum</strong></span> <span class='ocrx_word' id='word_1_332' title='bbox 492 4372 632 4430; x_wconf 90' lang='lat' dir='ltr'><strong>debitum.</strong></span> <span class='ocrx_word' id='word_1_333' title='bbox 669 4373 718 4429; x_wconf 90' lang='lat' dir='ltr'><strong>Ita</strong></span> <span class='ocrx_word' id='word_1_334' title='bbox 742 4372 821 4444; x_wconf 89' lang='lat' dir='ltr'><strong>quod</strong></span> <span class='ocrx_word' id='word_1_335' title='bbox 845 4372 922 4428; x_wconf 90' lang='lat' dir='ltr'><strong>illud</strong></span> <span class='ocrx_word' id='word_1_336' title='bbox 946 4372 1077 4430; x_wconf 88' lang='lat' dir='ltr'><strong>habeatis</strong></span> <span class='ocrx_word' id='word_1_337' title='bbox 1104 4374 1141 4430; x_wconf 89' lang='lat' dir='ltr'><strong>ad</strong></span> <span class='ocrx_word' id='word_1_338' title='bbox 1166 4378 1346 4450; x_wconf 76' lang='lat' dir='ltr'><strong>scaccarium</strong></span> 
     </span>
     <span class='ocr_line' id='line_1_43' title="bbox 294 4456 1342 4530; baseline 0.002 -14"><span class='ocrx_word' id='word_1_339' title='bbox 294 4466 427 4516; x_wconf 86' lang='lat' dir='ltr'><strong>nostrum</strong></span> <span class='ocrx_word' id='word_1_340' title='bbox 450 4475 503 4530; x_wconf 89' lang='lat' dir='ltr'><strong>per</strong></span> <span class='ocrx_word' id='word_1_341' title='bbox 528 4457 657 4528; x_wconf 88' lang='lat' dir='ltr'><strong>aliquem</strong></span> <span class='ocrx_word' id='word_1_342' title='bbox 683 4456 720 4513; x_wconf 91' lang='lat' dir='ltr'><strong>de</strong></span> <span class='ocrx_word' id='word_1_343' title='bbox 746 4456 853 4515; x_wconf 86' lang='lat' dir='ltr'><strong>restris</strong></span> <span class='ocrx_word' id='word_1_344' title='bbox 881 4457 912 4512; x_wconf 88' lang='lat' dir='ltr'><strong>in</strong></span> <span class='ocrx_word' id='word_1_345' title='bbox 937 4457 1064 4514; x_wconf 85' lang='lat' dir='ltr'><strong>erastino</strong></span> <span class='ocrx_word' id='word_1_346' title='bbox 1092 4460 1185 4516; x_wconf 88' lang='lat' dir='ltr'><strong>saneti</strong></span> <span class='ocrx_word' id='word_1_347' title='bbox 1218 4461 1342 4519; x_wconf 88' lang='lat' dir='ltr'><strong>Hilarii.</strong></span> 
     </span>
     <span class='ocr_line' id='line_1_44' title="bbox 293 4541 616 4615; baseline -0.012 -13"><span class='ocrx_word' id='word_1_348' title='bbox 293 4545 384 4602; x_wconf 75' lang='lat' dir='ltr'><strong>&#39;Peste</strong></span> <span class='ocrx_word' id='word_1_349' title='bbox 400 4560 449 4599; x_wconf 91' lang='lat' dir='ltr'><strong>me</strong></span> <span class='ocrx_word' id='word_1_350' title='bbox 466 4542 542 4615; x_wconf 88' lang='lat' dir='ltr'><strong>ipso,</strong></span> <span class='ocrx_word' id='word_1_351' title='bbox 560 4541 616 4599; x_wconf 76' lang='lat' dir='ltr'><strong>de.</strong></span> 
     </span>
    </p>
   </div>
   <div class='ocr_carea' id='block_1_6' title="bbox 326 4713 1242 4790">
    <p class='ocr_par' dir='ltr' id='par_1_8' title="bbox 326 4713 1242 4790">
     <span class='ocr_line' id='line_1_45' title="bbox 326 4713 1242 4790; baseline 0.003 -17"><span class='ocrx_word' id='word_1_352' title='bbox 326 4719 434 4790; x_wconf 66' lang='grc' dir='ltr'>Ἰασὼ]</span> <span class='ocrx_word' id='word_1_353' title='bbox 452 4715 677 4782; x_wconf 50' lang='grc' dir='ltr'><strong>Μαθηθι.</strong></span> <span class='ocrx_word' id='word_1_354' title='bbox 800 4713 811 4785; x_wconf 79' lang='lat' dir='ltr'><strong>l</strong></span> <span class='ocrx_word' id='word_1_355' title='bbox 865 4715 1001 4786; x_wconf 53' lang='grc' dir='ltr'><strong>Ἴωνι]</strong></span> <span class='ocrx_word' id='word_1_356' title='bbox 1018 4731 1068 4771; x_wconf 85' lang='lat' dir='ltr'><strong>om.</strong></span> <span class='ocrx_word' id='word_1_357' title='bbox 1081 4715 1242 4783; x_wconf 76' lang='lat' dir='ltr'><strong>oc.c.,01.</strong></span> 
     </span>
    </p>
   </div>
   <div class='ocr_carea' id='block_1_7' title="bbox 0 0 1782 5784">
    <p class='ocr_par' dir='ltr' id='par_1_9' title="bbox 0 0 1782 5784">
     <span class='ocr_line' id='line_1_46' title="bbox 0 0 1782 5784; baseline 0 0"><span class='ocrx_word' id='word_1_358' title='bbox 0 0 1782 5784; x_wconf 95' lang='lat' dir='ltr'><strong> </strong></span> 
     </span>
    </p>
   </div>
  </div>
 </body>
</html>
