3500 5784
658 893 837 946 murone.
1209 879 1277 953 417

226 1089 325 1155 quam
352 1068 439 1155 quod
465 1069 509 1134 ad
530 1070 740 1157 prepositum
763 1071 937 1159 pertineat,
960 1071 1066 1137 acutis
1089 1071 1276 1159 inquisitio·

221 1168 321 1236 nibus
352 1175 423 1236 tam
445 1170 573 1238 minora
602 1193 701 1259 quam
731 1172 863 1260 majora,
894 1194 961 1239 non
983 1173 1088 1240 solum
1109 1174 1275 1240 minorum

222 1273 279 1338 sed
318 1277 353 1338 et
393 1273 563 1360 majorum,
607 1275 697 1340 mala
736 1276 934 1362 perscrutari
970 1279 1005 1342 et
1040 1278 1275 1363 perscrutando

221 1374 452 1454 invenirent
482 1375 703 1444 ecclesiastica
730 1377 911 1465 disciplinae
944 1377 1092 1445 acumine
1126 1378 1274 1445 omnium

221 1475 333 1542 voleat
355 1477 465 1544 omnia
488 1479 576 1545 malo
593 1483 761 1546 resecaret
881 1507 887 1514 ·

264 1579 418 1648 Jeremiae
452 1581 578 1648 dictum
604 1591 654 1649 est
680 1605 700 1648 a
726 1582 880 1664 Domino,
903 1583 974 1669 Epo
999 1581 1081 1650 dedi
1111 1589 1141 1649 tc
1174 1581 1338 1650 bodieoer.
1350 1594 1417 1660 tre,

220 1680 264 1748 in
293 1681 465 1752 dautem
494 1683 680 1763 munatium,
706 1683 774 1752 et
758 1707 802 1752 no
828 1685 1026 1752 columnam
1048 1685 1210 1772 ferreolo,
1240 1708 1257 1752 e
1258 1664 1415 1805 ειίώὼ

220 1782 263 1850 ia
282 1805 426 1853 murum
440 1807 566 1854 uncum
587 1807 691 1874 snper
705 1808 840 1854 omnem
861 1793 997 1867 terram,
1013 1787 1147 1873 sepibus
1161 1787 1269 1868 Judo,
1283 1833 1299 1868 a
1308 1823 1411 1885 typos

219 1891 255 1953 et
281 1887 506 1975 praespicua
535 1889 613 1976 ejice,
637 1897 667 1958 ct
689 1889 837 1957 sacerdot
837 1890 924 1973 ibaar,
947 1897 977 1956 et
998 1890 1127 1977 popolo
1150 1896 1270 1970 terrm
1263 1827 1440 2006 ·Φθῐ>111ἱ1;2νθ

221 1995 250 2056 at
274 1989 443 2058 bellabunt
464 1992 646 2060 adoneum
676 1999 714 2071 te,
745 1999 776 2059 et
801 2014 875 2059 non
896 1991 1159 2078 praedatorem
1186 1943 1364 2079 quidiil’i,

220 2113 276 2176 epo
302 2099 332 2158 tc
359 2115 437 2160 cum
460 2115 539 2160 cum
560 2101 601 2161 ut
587 2093 768 2161 tlibercm
797 2101 835 2160 tc.
894 2094 1035 2162 Constat
1057 2095 1146 2180 quod
1177 2095 1271 2161 Jere·
1281 2085 1384 2138 chumh.

218 2195 310 2274 mins,
327 2196 379 2260 cui
394 2196 580 2284 injungitur
593 2218 614 2261 a
629 2196 779 2275 Domino,
805 2203 845 2263 ut
863 2194 1025 2262 manno
1043 2196 1171 2264 ando
1192 2219 1269 2264 sur·
1281 2215 1334 2268 Jer.
1346 2218 1363 2269 1.
1378 2224 1416 2271 υ.

218 2304 277 2382 pat
303 2303 333 2364 at
359 2299 519 2386 loquutur
548 2298 671 2366 munia
709 2321 782 2386 quae
808 2297 973 2386 mercipit
1011 2297 1044 2366 οἱ
1085 2299 1268 2378 Dominus,

219 2405 339 2487 typum
368 2403 453 2488 gerit
482 2400 702 2488 prelatum,
734 2423 872 2488 quorum
909 2401 1051 2488 quilibet
1089 2402 1189 2468 datus
1218 2410 1270 2469 est

218 2501 262 2567 aia
286 2502 457 2570 ciuitatem
482 2503 667 2571 munitum.
714 2505 798 2570 Cum
821 2505 910 2570 enim
940 2525 1052 2569 omnes
1078 2526 1148 2571 suae
1183 2527 1270 2572 curae

219 2606 381 2671 commissi
405 2608 442 2672 in
465 2607 535 2693 ejus
561 2606 626 2672 fide
656 2611 690 2673 et
714 2606 852 2672 carimte
882 2606 1043 2672 uniantur
1072 2613 1107 2672 et
1137 2628 1269 2695 congre-

218 2713 345 2794 gentur,
376 2713 417 2774 ut
450 2709 512 2774 sub
545 2730 613 2774 una
645 2709 724 2796 lege,
760 2708 824 2773 Dei
854 2707 1010 2799 videlicet
1040 2713 1075 2773 et
1109 2710 1268 2776 constitu-

218 2811 347 2876 tionum
369 2811 667 2898 ecclesiasticarum,
691 2811 893 2876 unanimiter
907 2809 1035 2888 vivant,
1050 2812 1145 2897 quasi
1167 2833 1267 2877 unam

218 2913 389 2980 civitatem
410 2919 445 2980 et
467 2935 568 2979 unam
590 2913 825 3000 rempublicam
848 2913 883 2976 in
906 2933 945 2978 eo
974 2913 1107 2980 faciunt.
1160 2914 1269 2980 Eccle-

198 3017 264 3080 sia
296 3037 439 3103 namque
468 3016 505 3081 in
538 3017 687 3104 episcopo
709 3021 744 3080 et
766 3015 935 3102 episcopus
957 3016 993 3079 in
1015 3015 1155 3096 ecclesio,
1187 3018 1268 3103 quid

216 3119 306 3185 aliud
328 3124 378 3186 est
400 3140 499 3206 quam
521 3118 639 3184 civitas
660 3121 751 3183 unat
807 3117 940 3184 Munita
974 3122 1087 3183 autem
1120 3123 1171 3184 est
1201 3119 1268 3186 vir-

215 3228 288 3288 tute
333 3222 572 3310 perseverantis
605 3219 810 3287 fortitudinis
840 3225 955 3285 contra
987 3241 1116 3286 omnem
1147 3221 1266 3308 impul·

215 3347 287 3390 sum
321 3330 356 3391 ct
393 3345 524 3391 omnem
561 3325 723 3412 impetum
770 3321 928 3409 cujusque
970 3323 1199 3411 temptationis
1232 3329 1267 3390 et

214 3426 446 3493 tribulationis.
491 3426 652 3493 Columna
681 3447 810 3513 quoque
832 3426 937 3491 ferrea
958 3429 1010 3490 est
1039 3427 1266 3513 episcopusin

215 3530 352 3597 aedifido
374 3529 516 3597 ecclesiae
539 3529 602 3596 sibi
624 3530 811 3608 commissae,
837 3549 903 3594 non
925 3528 1064 3614 alicujus
1078 3531 1191 3617 partis,
1207 3530 1265 3596 ssd

215 3633 319 3700 totius
353 3632 484 3700 redificii
512 3631 714 3719 infatigabili
742 3632 997 3719 supportatione,
1022 3633 1108 3698 sicut
1128 3633 1265 3699 bierunt

213 3735 361 3802 Jocabuo
384 3741 414 3802 at
431 3733 557 3822 ceptae
583 3742 613 3801 et
633 3732 818 3810 Jolzonacs,
835 3756 975 3822 quorum
997 3734 1105 3801 locum
1127 3736 1263 3802 obtinet.
1277 3749 1333 3802 Get
1345 3752 1371 3802 ii.
1384 3759 1407 3802 o.

215 3839 330 3904 Murus
363 3860 441 3904 vero
483 3841 534 3904 est
571 3837 745 3924 episcopus,
790 3837 1041 3923 interpositione
1081 3837 1134 3903 sui
1176 3836 1288 3904 inter

212 3941 382 4006 universas
404 3944 439 4006 et
461 3939 605 4027 singulas
636 3939 762 4004 animas
784 3938 846 4005 sibi
874 3939 1062 4005 commissas
1091 3945 1125 4004 et
1154 3939 1264 4007 hostes

213 4042 445 4130 impugnantes
474 4041 568 4124 vitia,
602 4041 754 4108 videlicet
776 4047 811 4108 et
833 4041 1004 4108 dromones.
1051 4040 1136 4109 cum
1157 4043 1263 4129 igitur

212 4146 369 4234 praelotus
391 4145 488 4211 datus
510 4145 554 4210 sit
575 4167 596 4210 a
618 4144 762 4210 Domino
784 4145 820 4209 in
844 4143 914 4210 burc
935 4145 1009 4224 tria,
1033 4149 1068 4210 et
1088 4167 1156 4211 non
1190 4147 1262 4231 qui-

211 4250 351 4316 busdam
373 4248 431 4314 sed
453 4248 604 4314 omnibus
630 4269 715 4314 curso
738 4269 806 4313 suae
829 4246 1014 4325 commissis,
1036 4251 1106 4312 tam
1129 4249 1261 4334 majori·

211 4353 274 4419 bus
296 4373 396 4439 quom
425 4350 615 4432 minoribus,
630 4355 670 4416 ut
685 4348 858 4415 evidenter
877 4349 1075 4436 exprimitur
1095 4350 1132 4415 in
1152 4351 1257 4429 litera,

212 4454 293 4542 quid
327 4453 418 4519 aliud
454 4454 608 4519 nituntur
644 4473 742 4538 quam
773 4451 861 4517 hunc
897 4473 1029 4517 murum
1059 4452 1258 4536 subvertere,

211 4563 247 4624 et
277 4555 461 4623 columnam
494 4556 580 4621 hanc
602 4553 739 4635 diruere,
778 4559 812 4620 et
849 4553 1019 4620 civitatem
1066 4555 1259 4641 disperdere,

210 4659 268 4746 qui
305 4663 465 4728 conantur
512 4659 698 4748 episcopum
736 4679 757 4723 a
793 4654 992 4734 visitatione,
1034 4656 1258 4744 castigatione,

1052 4774 1078 4823 1>
1099 4774 1125 4823 1>
