3500 5784
693 1317 848 1385 LXXIV.

245 1490 436 1560 careno
453 1492 554 1580 para
578 1491 771 1562 aalma
794 1493 930 1574 ornat,
953 1478 1290 1582 caracteratis
1341 1505 1421 1554 nur

333 1593 472 1662 Nicolua'
491 1595 536 1661 isa
560 1595 696 1664 Caruere
729 1597 892 1664 Tulliano
926 1597 1070 1664 diacono
1102 1599 1288 1680 ccrdr'srtola',

332 1696 532 1784 Apostob'coe
575 1697 664 1764 aedis
707 1697 819 1784 liparo,
861 1698 1033 1781 Robcrtue,
1073 1701 1289 1768 miseratione

333 1797 459 1865 diviua
480 1797 738 1869 Ltacolrubuais
770 1801 908 1868 ecclesie
937 1801 1100 1870 minister
1131 1803 1287 1884 humilis,

332 1901 474 1968 uolutare
503 1909 534 1968 ct
562 1925 668 1990 mum
696 1902 844 1972 debitum
865 1911 939 1972 tura
961 1905 1114 1973 ductum
1135 1905 1287 1976 obedieu-

334 2003 423 2070 tt'om
445 2011 475 2072 ct
497 2004 731 2072 reuerentiam.

288 2179 432 2270 Rogavit
464 2204 524 2248 nos
552 2183 762 2270 paternitatis
793 2188 913 2251 vestrae
944 2185 1101 2252 sanctitas
1131 2208 1189 2272 per
1220 2207 1288 2252 ma-
1300 2203 1445 2256 anneto

241 2281 382 2368 gistrum
404 2283 439 2350 P.
460 2284 613 2352 clericum
646 2290 803 2367 vestrum,
826 2290 867 2351 nt
887 2287 1098 2374 prebendam
1120 2309 1194 2374 quse
1223 2269 1443 2388 fuitfffiffl

241 2385 393 2472 magistri
415 2386 459 2453 H.
482 2388 588 2454 clerici
609 2388 723 2467 nostri,
746 2389 905 2476 magistro
926 2389 1045 2458 Attoni
1079 2390 1193 2456 clerico
1215 2413 1286 2457 vee—
1300 2403 1406 2456 othere

241 2490 294 2551 tro
316 2487 554 2556 conferremus:
586 2511 646 2556 nos
668 2496 779 2558 autem
802 2491 891 2558 dicto
920 2493 1077 2580 magistro
1100 2493 1134 2561 P.
1156 2472 1445 2601 rmpon·{2{¹bf{‘„⁸1²„

1444 2281 1455 2324 t

1413 2338 1455 2390 nul

241 2590 349 2656 dimus
394 2592 481 2678 quod
517 2593 555 2658 in
590 2593 739 2660 adventu
774 2599 885 2660 vestro
921 2595 958 2660 in
994 2600 1103 2682 partes
1147 2601 1285 2676 nostras,
1298 2603 1447 2682 euoenon

240 2692 424 2778 praehabita
465 2695 600 2761 interim
644 2694 885 2775 deliberatione,
928 2701 1047 2763 vestrae
1090 2698 1286 2784 paternitati
1296 2669 1420 2788 mm

240 2815 338 2882 super
370 2796 432 2862 hoo
461 2797 736 2884 responderemus
789 2797 968 2886 Angebant
999 2798 1088 2864 enim
1119 2804 1154 2864 et
1179 2799 1286 2865 adhuc

241 2903 370 2984 angunt
402 2905 547 2966 mentem
580 2907 727 2966 nostram
759 2900 834 2981 tria,
858 2921 932 2986 quae
965 2921 1026 2966 nos
1048 2901 1287 2988 compellebant

240 2998 371 3066 differre
392 3007 537 3068 vestram
558 3003 761 3090 rogationem
783 3001 916 3068 effectui
937 3002 1143 3090 mancipare;
1165 3001 1287 3090 cogita·

242 3101 358 3169 bamus
386 3126 529 3191 namque
560 3105 650 3191 quod
682 3103 845 3192 spiritalia
865 3109 901 3170 et
922 3104 1125 3191 spiritalibus
1147 3125 1286 3186 annexa,

240 3226 300 3270 neo
321 3206 466 3272 humana
487 3208 595 3294 gratia
616 3229 676 3272 nec
696 3207 841 3272 humano
855 3205 967 3272 favore
989 3227 1046 3272 seu
1069 3207 1187 3272 timore
1209 3213 1287 3272 sunt

238 3308 427 3396 largienda;
449 3310 586 3395 ideoque
599 3309 678 3376 licet
700 3309 889 3375 sciverimus
911 3313 1054 3376 vestram
1075 3310 1286 3376 sanctitatem

239 3432 299 3498 per
330 3416 456 3478 vestras
489 3433 599 3499 preces
630 3431 700 3478 non
731 3410 902 3476 intendere
935 3411 1000 3476 nisi
1033 3411 1073 3477 de
1105 3410 1286 3477 idoneitate

239 3513 342 3600 ipsius
364 3535 423 3600 pm
446 3536 511 3601 quo
534 3514 793 3601 porrigebantur,
818 3513 1045 3579 testimonium
1067 3513 1159 3594 ferre,
1182 3520 1223 3580 ut
1244 3536 1287 3580 ex

239 3621 336 3681 tanto
371 3617 562 3682 testimonio
599 3637 659 3682 nos
695 3620 888 3702 reputantes
922 3637 997 3680 eum
1035 3615 1181 3702 dignum,
1218 3637 1286 3681 non

239 3719 357 3784 timore
389 3724 450 3784 aut
480 3719 593 3785 favore
625 3718 771 3785 humano
793 3719 850 3783 sed
881 3717 950 3784 eolo
981 3717 1128 3784 caritatis
1158 3718 1286 3784 intuitu

238 3819 423 3900 faceremus,
456 3822 545 3907 quod
576 3843 686 3908 preces
718 3819 935 3886 insinuabant
967 3819 1028 3886 hoe
1060 3821 1129 3886 solo
1159 3820 1287 3886 intuitu

238 3920 430 3989 iaciendum.
475 3922 547 3988 Nos
575 3929 689 3989 tamen
720 3923 841 3988 mentis
873 3927 996 3988 nostrae
1024 3923 1202 3990 sentientes
1223 3922 1286 3987 im·

95 4033 99 4039 '
236 4022 457 4102 becillitatem,
480 4024 691 4090 vehementer
711 4024 884 4090 timuimus
905 4028 941 4090 et
961 4023 1115 4089 timemus
1136 4045 1178 4090 ne
1200 4023 1286 4090 forte

237 4126 281 4192 ad
301 4125 486 4192 faciendum
509 4126 597 4212 quud
618 4125 822 4212 rogabamur,
845 4146 925 4191 non.
944 4130 1077 4213 urgeret
1109 4147 1168 4192 nos
1197 4127 1284 4192 solus

237 4227 385 4294 caritatis
407 4227 513 4309 ardor,
536 4228 601 4306 sed,
625 4228 795 4316 plusquam
828 4231 1002 4314 oporteret,
1026 4227 1222 4293 immisceret
1250 4248 1286 4306 se

235 4329 400 4396 humanus
428 4329 529 4396 timor
560 4337 621 4396 aut
650 4330 751 4395 favor.
797 4327 967 4408 Praeterea,
990 4328 1075 4395 sicut
1104 4328 1283 4408 recolimus,

235 4432 414 4519 praediotus
445 4432 601 4519 magister
622 4433 716 4514 Atto,
739 4451 837 4518 quem
869 4453 912 4496 ex
942 4434 1053 4496 vestro
1086 4431 1283 4512 testimonio,

236 4539 272 4601 et
305 4535 405 4600 etiam
438 4555 481 4600 ex
514 4534 565 4600 his
596 4555 670 4621 quae
700 4532 742 4598 de
774 4532 847 4618 ipso
879 4532 1009 4619 experti
1030 4553 1149 4610 sumus,
1173 4532 1283 4597 virum

231 4624 456 4728 magnificum,
479 4635 616 4701 seientia
637 4634 834 4700 eminentem
856 4638 892 4698 et
914 4632 1059 4698 moribus
1089 4634 1283 4721 praeclarum

235 4745 439 4827 reputamus,
454 4738 549 4805 nobis
568 4736 747 4825 aliquando
764 4736 854 4803 dixit
867 4735 957 4823 quod
971 4756 1039 4802 non
1053 4741 1125 4802 erat
1147 4758 1186 4804 eo
1200 4743 1283 4804 tem-

1128 4852 1153 4916 Q
