3500 5784
683 901 861 956 nrrsronn.
1232 891 1295 956 161

244 1075 482 1157 rationabilem,
506 1077 603 1143 utin
626 1078 768 1145 ecclesiis
791 1079 858 1145 suis
880 1099 948 1144 non
970 1077 1145 1156 resideant,
1160 1079 1298 1144 cumeis

244 1177 477 1264 dispensatum

287 1279 330 1344 Iu
351 1281 489 1368 singolis
520 1303 649 1369 quoque
680 1284 828 1360 ecclesiis,
859 1279 1021 1370 quarum¹
1045 1282 1220 1349 facultates
1251 1283 1294 1350 ad

241 1381 302 1447 hoc
323 1382 496 1464 sufficiant,
519 1385 588 1451 sint
609 1407 695 1451 unus
717 1385 873 1453 diaconus
896 1394 931 1452 et
952 1407 1040 1451 unus
1071 1385 1291 1452 subdiaconus

240 1484 275 1548 in
298 1485 420 1552 eisdem
443 1491 483 1553 ut
503 1487 598 1554 decet
620 1489 866 1556 ministrantes:
891 1490 928 1554 in
950 1489 1025 1555 aliis
1046 1511 1125 1555 vero
1148 1489 1292 1556 ecclesiis

240 1587 357 1652 saltem
392 1589 439 1654 sit
475 1588 609 1656 clericus
648 1611 734 1656 unus
772 1593 909 1658 idoneus
951 1598 986 1657 et
1026 1591 1193 1672 honestus,
1232 1592 1292 1679 qui

239 1690 397 1756 sacerdoti
420 1713 495 1758 cum
528 1692 645 1759 habitu
667 1695 875 1761 convenienti
903 1695 939 1760 in
968 1693 1092 1760 divinis
1122 1694 1292 1761 ministret

242 1792 361 1858 officiis.

284 1894 496 1984 Praecipimus
518 1899 619 1964 etiam
645 1900 785 1967 firmiter
807 1901 1005 1966 auctoritate
1030 1899 1232 1988 Euangeliou
1254 1906 1290 1966 et

239 1997 339 2063 etiam
377 2000 418 2064 de
455 2001 587 2087 speciali
624 2003 830 2090 indulgentia
864 2003 1041 2091 apostolica
1074 2003 1179 2070 nain
1211 2003 1291 2068 locis

239 2101 337 2166 sacris
369 2101 555 2169 habeantur
585 2110 748 2188 mercata;
773 2127 849 2171 cum
882 2106 1044 2172 Dominus
1078 2109 1224 2172 ementes
1254 2108 1290 2172 et

239 2204 419 2270 vendentes
441 2205 482 2271 de
504 2208 626 2293 templo
643 2207 781 2294 ejecerit,
797 2231 840 2274 ne
862 2207 986 2275 domuc
1006 2205 1177 2274 oratiouir
1188 2206 1291 2292 fieret

238 2303 401 2391 opetum
423 2306 624 2376 latronum:
650 2310 828 2377 adicientes
849 2311 892 2376 ad
918 2309 1012 2378 hieo'
1037 2315 1078 2377 ut
1103 2311 1290 2377 coemeteria

239 2407 307 2473 sint
329 2409 412 2474 bene
434 2409 565 2492 clausa3
594 2417 720 2478 ettam
744 2413 887 2480 ecclesiae
910 2414 1147 2499 quamdomus
1168 2413 1212 2478 ad
1234 2435 1290 2479 eas

238 2510 452 2594 pertinentes,
485 2517 709 2600 competenter
739 2515 918 2580 secundum
952 2515 1156 2581 eeclesiarum
1189 2515 1289 2581 faem-

238 2615 324 2678 tates
346 2613 527 2695 aedificatio,
550 2614 694 2702 ipsaeque
724 2616 866 2684 ecclesiae
889 2618 1042 2683 decenter
1071 2621 1196 2683 ornatae
1218 2623 1287 2682 tam

239 2714 275 2778 in
295 2713 389 2782 libris
411 2737 512 2802 quam
534 2717 570 2782 in
591 2719 679 2785 vasis
700 2720 800 2785 sacris
822 2725 857 2786 et
878 2719 1104 2800 vestimentis3
1136 2723 1171 2785 et
1200 2719 1288 2806 quod

239 2823 435 2884 ornamenta
456 2823 491 2886 et
513 2841 593 2886 vasa
614 2819 727 2887 sacra³
741 2819 809 2888 sint
832 2821 873 2887 de
894 2823 1045 2888 noctibus
1066 2820 1128 2887 sub
1154 2825 1232 2887 tuta
1253 2825 1289 2887 et

239 2918 377 2986 honesta
398 2920 554 3002 mrstodia,
578 2941 638 2990 nec
659 2929 861 3011 reponantur
888 2925 925 2988 in
948 2924 1099 2990 domibus
1120 2923 1286 3001 laicorum,

238 3043 344 3109 neque
367 3023 429 3089 sub
451 3045 564 3090 eorum
586 3025 741 3104 custodia,
765 3025 829 3092 nisi
859 3024 1065 3092 rationabilis
1089 3030 1124 3092 et
1153 3026 1288 3093 evidens

238 3125 280 3190 ad
301 3125 363 3192 hoc
384 3126 579 3214 compulerit
599 3128 782 3194 necessitas

283 3227 508 3295 Execrabilem
531 3230 631 3296 etiam
660 3230 938 3309 cousuetudinem,
962 3251 1038 3316 quae
1060 3230 1230 3296 consuevit
1251 3230 1288 3295 in

239 3331 435 3416 quibusdam
458 3331 599 3398 ecclesiis
621 3333 785 3398 observari
809 3331 849 3398 do
872 3332 1019 3398 faciendo
1033 3332 1155 3398 festum
1170 3331 1288 3398 stulto-

236 3455 318 3512 rum,
354 3433 485 3520 speciali
521 3434 718 3501 auctoritate
762 3435 911 3520 rescripti
948 3433 1117 3521 apostolici
1154 3436 1287 3522 penitus

237 3534 444 3617 inhibemus;
473 3557 516 3601 ne
538 3533 580 3601 de
603 3535 698 3601 domo
727 3535 884 3601 orationis
913 3536 975 3601 fiat
996 3537 1113 3602 domus
1141 3537 1286 3618 ludibrii,

237 3640 272 3702 et
293 3639 453 3704 acerbitas
475 3637 728 3704 circumcisionis
750 3637 888 3704 Domini
909 3637 934 3704 J
935 3661 993 3704 esu
1008 3637 1133 3706 Christi
1150 3639 1235 3725 jocis
1252 3645 1287 3707 et

237 3739 462 3826 voluptatibus
485 3741 713 3806 subsannetur.

280 3841 475 3908 inhibemus
497 3863 626 3929 quoquc
648 3863 691 3907 ue
722 3841 824 3930 aliqui
846 3843 1028 3910 sacerdotes
1053 3844 1218 3910 celebrent
1241 3843 1283 3911 de

236 3951 326 4009 aceto
340 3969 348 4025 ;
363 3949 397 4010 et
411 3944 511 4032 quia⁴
527 3946 664 4032 quisque
679 3945 799 4011 artifex
816 3945 882 4011 arti
897 3969 965 4013 suaa
979 3946 1152 4033 plusquam
1166 3949 1283 4014 alienae

237 4045 335 4112 debet
357 4045 537 4128 intendere,
560 4047 766 4135 praecipimus
786 4053 826 4113 ut
847 4053 990 4114 rectores
1011 4050 1197 4115 animarum
1218 4051 1283 4116 arti

235 4149 404 4234 regiminis
436 4149 620 4216 animarum
657 4149 835 4237 vigilanter
871 4150 1058 4228 intendant,
1089 4173 1164 4217 cum
1202 4158 1411 4238 “areseteg.

234 4251 397 4316 “artium
431 4249 505 4334 sit‚''
539 4257 623 4318 teste
658 4251 780 4318 beato⁵
803 4252 966 4340 Gregorio,
1002 4254 1177 4341 “regimen
1212 4236 1433 4319 επὶ-Μὴ

235 4357 254 4388 “
274 4351 454 4435 marnm”;
476 4359 512 4420 et
533 4359 574 4420 ut
606 4355 649 4420 ab
682 4355 745 4421 hoc
773 4375 841 4420 non
867 4360 1070 4435 avertantur,
1102 4356 1283 4424 districtim
1293 4304 1378 4436 {nal
1391 4311 1414 4359 ι’

267 4630 275 4663 ¹
291 4633 407 4700 quarum]
427 4632 524 4700 quibus,
536 4634 589 4687 Sid.
814 4636 824 4667 ⁴
840 4635 914 4703 quic]
928 4651 977 4688 om.
990 4636 1052 4700 siu,
1064 4635 1114 4690 Ox.

265 4711 276 4742 ²
289 4712 353 4779 ter]
371 4713 523 4779 hujusmodl,
535 4715 636 4766 Brorrn.
814 4717 825 4746 ⁸
840 4715 923 4785 beau]
941 4731 990 4768 ona
1002 4716 1055 4770 Sid.

263 4791 274 4822 ¹
289 4793 377 4860 runc]
396 4807 446 4846 om.
458 4793 511 4846 Sid.

1128 4893 1151 4943 L
