3500 5784
687 894 870 944 urrsroan.
1242 882 1305 946 165

256 1066 353 1148 Quod
375 1088 443 1133 non
464 1072 602 1133 teneant
623 1068 659 1133 in
681 1069 833 1135 domibus
854 1070 923 1135 suis
945 1070 1105 1150 mulieres,
1122 1070 1163 1137 de
1186 1070 1306 1157 quibus

297 1170 402 1255 possit
424 1191 494 1237 esse
515 1169 617 1235 mali²
640 1172 789 1258 suspicio.

254 1272 351 1353 Quod
372 1294 441 1338 non
462 1274 533 1339 sint
554 1273 672 1341 ebriosi
693 1280 752 1340 sut
774 1275 929 1341 tabernas
950 1275 1206 1363 frequentantes.

254 1374 350 1454 Quod
372 1398 439 1441 non
461 1376 529 1442 sint
549 1376 772 1463 negotiatores
793 1381 853 1443 aut
874 1378 1016 1443 usurarii
1026 1378 1048 1445 2.

255 1476 353 1558 Quod
373 1500 442 1545 non
463 1479 545 1545 dent
576 1480 621 1545 ad
652 1480 781 1545 firmam
802 1480 857 1547 vel
888 1482 1050 1569 recipiant
1080 1481 1229 1547 ecelesias
1252 1483 1306 1549 vel

298 1581 522 1660 eeclesiastico,
544 1582 610 1647 nisi
632 1582 668 1647 iu
690 1582 818 1649 ossibus
839 1584 1003 1651 oonoessis

255 1681 352 1765 Quod
373 1704 441 1749 non
462 1684 531 1749 sint
552 1685 624 1751 viee
646 1685 782 1751 eomites
803 1686 857 1751 vel
873 1686 1059 1771 justitiarii,
1083 1686 1139 1752 vel
1169 1690 1305 1755 teneant

297 1786 444 1866 ballivos,
466 1787 555 1855 unde
577 1788 766 1874 obligentur
787 1786 879 1854 laicis
901 1788 943 1855 ad
965 1789 1170 1857 ratiocinia³.

255 1888 351 1969 Quod
388 1910 463 1954 oum
500 1890 721 1955 ssoerdotibus
751 1911 820 1957 non
852 1890 915 1957 fiat
945 1892 1062 1978 pactio,
1097 1896 1137 1961 ut
1178 1894 1306 1980 possint

297 1992 438 2079 recipere
460 1993 618 2057 annuaha
637 1992 693 2058 vel
713 1994 914 2060 trioenualia

221 2096 234 2137 '³
255 2092 351 2173 Quod
373 2095 554 2161 sacerdotes
576 2094 720 2161 habeant
741 2086 971 2162 rationabilem
993 2098 1271 2164 sustentationem.

255 2196 352 2276 Quod
373 2196 464 2264 laicis
485 2219 551 2263 non
574 2196 696 2263 dentur
716 2198 759 2262 ad
782 2198 911 2263 firmam
933 2198 1045 2265 liberae
1077 2204 1174 2266 terrae
1205 2201 1304 2267 eoele-

297 2320 427 2364 smrum.

254 2399 351 2480 oum
373 2423 440 2467 non
462 2402 626 2469 misane
649 2401 691 2468 a
712 2402 807 2469 eom
840 2401 993 2469 ualeam
1026 2403 1063 2467 in
1096 2402 1177 2470 meo
1198 2404 1302 2486 aoso,
1436 2360 1440 2366 ’

297 2526 359 2571 nee
380 2505 522 2571 decimas
543 2509 712 2592 reponant.

256 2606 354 2687 Quod
375 2608 525 2675 redditus
547 2608 707 2695 assignati
726 2608 770 2674 ad
791 2607 968 2674 luminaria
982 2630 1048 2674 non
1071 2613 1305 2677 convertantur

298 2711 335 2775 in
358 2710 439 2777 alios
460 2732 546 2778 usus.

256 2812 355 2894 Quod
375 2813 451 2879 laiei
472 2814 509 2879 in
531 2813 585 2880 die
607 2812 740 2880 Paschae
770 2834 837 2879 non
869 2812 968 2879 simul
998 2812 1139 2879 offerant
1161 2818 1196 2880 et
1218 2836 1304 2880 oom-

297 2917 473 2983 munirent.

256 3017 354 3102 Quod
376 3041 445 3085 non
466 3018 645 3086 intendant
677 3000 900 3097 histrionibus,
923 3023 983 3084 out
997 3017 1136 3083 ludant⁴
1153 3019 1196 3085 ad
1218 3019 1305 3086 aleas

295 3123 350 3188 vel
370 3120 463 3189 talos.

253 3223 349 3305 Quod
371 3224 479 3291 olerioi
500 3245 593 3289 arma
612 3245 681 3290 non
702 3226 843 3311 portent,
866 3223 924 3289 sed
957 3222 1101 3289 habeant
1134 3228 1303 3291 tonsuram

298 3327 427 3393 habitui
450 3322 709 3415 congruentem⁶.

256 3430 354 3512 Quod
376 3430 488 3496 nullus
509 3429 629 3496 habeat
649 3428 760 3517 plures
782 3450 876 3494 curus
898 3428 969 3494 sine
991 3429 1241 3517 dispensatione.

255 3533 354 3616 Quod
384 3533 447 3599 filii
479 3534 628 3623 proximo
650 3532 912 3599 ministrantium
946 3531 1119 3598 dimittant
1148 3532 1304 3600 beneficia

297 3658 362 3703 sua

254 3738 349 3820 Quod
372 3742 575 3805 sacramento
595 3742 656 3805 aut
676 3734 924 3805 sacramentalia
945 3758 1012 3802 non
1034 3735 1228 3805 vendantur.

255 3842 352 3922 Quod
375 3843 559 3908 saoerdotes
581 3863 648 3909 uon
670 3840 846 3928 injungant
879 3840 1091 3929 poenitentias
1113 3862 1156 3907 ex
1177 3840 1302 3929 eupidi-

296 3950 372 4011 tate.
479 3977 484 3985 ·

255 4047 354 4128 Quod
375 4048 503 4115 diaconi
525 4069 592 4115 non
614 4046 753 4114 audiant
774 4045 988 4114 confessiones
1019 4049 1080 4115 aut
1101 4051 1303 4113 sacramenta

295 4150 492 4231 ministrent,
516 4150 592 4217 solis
613 4151 834 4217 sacerdotibus
856 4170 1012 4217 concessa

110 4254 116 4261 '
255 4252 352 4334 Quod
373 4254 575 4332 ordinentur,
597 4254 777 4320 secundum
800 4254 1000 4340 exigentiam
1022 4273 1089 4319 sum
1112 4246 1222 4319 ourae⁰.

284 4474 383 4541 ἰωὴ]
400 4474 541 4537 naiasin
832 4473 1142 4541 'mosaiconyrmunj
1155 4471 1301 4525 ambitum

284 4556 295 4587 ²
309 4554 400 4616 Quod.
416 4592 423 4607 .
441 4554 569 4621 morin]
587 4570 638 4609 om.
648 4554 750 4606 Brun.
800 4562 972 4621 congruentes,
984 4552 1085 4618 C.C.O.,
1095 4555 1197 4607 Brovn.

283 4636 294 4665 ³
309 4634 373 4684 unde
384 4672 391 4685 .
409 4671 416 4686 .
433 4671 440 4684 .
458 4673 465 4685 .
477 4634 621 4701 ratiocinio]
656 4635 750 4686 Brorrn
833 4636 844 4665 ¹
860 4636 1004 4701 exiyenuam
1014 4652 1065 4695 sue
1076 4634 1155 4706 ouroe]
1174 4648 1226 4688 suae
1234 4648 1301 4690 cum

249 4713 466 4773 addsthistothe
476 4714 593 4779 previous
603 4716 675 4768 head„
799 4714 908 4779 ordines,
917 4714 970 4771 sia

284 4798 293 4833 ¹
310 4792 410 4864 udam]
429 4809 478 4845 om.
491 4793 544 4849 Sia
