3500 5784
688 872 865 923 onerosa.
1262 855 1303 919 59

257 1068 368 1113 curam
391 1046 434 1112 od
466 1068 565 1132 quam
595 1046 764 1111 trahimini
795 1044 967 1131 recipiatis.
1014 1042 1105 1107 Licet
1128 1040 1217 1106 enim
1239 1062 1306 1105 non

258 1150 372 1216 essetis
407 1150 535 1216 detenti
572 1148 703 1236 legendi
741 1146 853 1227 officio,
884 1168 952 1211 non
981 1144 1120 1233 possetis
1149 1144 1185 1208 in
1219 1142 1307 1209 dicta

259 1275 337 1319 curo
359 1252 611 1340 praesentialiter
639 1256 734 1331 stare,
766 1254 843 1316 ante
872 1249 995 1314 festum
1027 1248 1115 1313 beati
1140 1245 1308 1313 Michaelis

261 1356 411 1442 proximo
448 1360 635 1421 venturum.
692 1353 802 1441 Igitur
839 1372 942 1438 usque
979 1350 1023 1415 ad
1058 1348 1142 1415 illnd
1178 1353 1309 1435 tempus

261 1462 387 1525 vestras
416 1457 567 1545 poteritis
605 1456 760 1522 lectiones
794 1454 993 1530 continuone,
1024 1451 1153 1518 sublato
1190 1451 1309 1515 timore

261 1560 302 1625 de
339 1560 468 1627 defectu
505 1560 665 1625 absentiae
695 1564 823 1623 vestrae.
885 1556 922 1622 Si
958 1577 1037 1621 vero
1071 1553 1214 1619 delectat
1250 1573 1310 1617 vos

261 1662 419 1751 vobisque
443 1662 597 1749 expediat
619 1683 677 1748 per
699 1660 873 1727 dimidium
893 1680 1019 1724 annum
1034 1657 1088 1724 vel
1107 1678 1309 1744 perannum

262 1766 399 1832 ulterius
426 1766 539 1853 legere,
564 1786 624 1851 ego
651 1764 825 1829 bonafide
848 1763 1012 1850 promitto,
1036 1760 1124 1848 qnod
1147 1759 1309 1825 defectum

261 1869 420 1935 absentiae
465 1874 585 1935 vestrae
632 1868 740 1953 quoad
778 1865 1021 1953 praedicationis
1066 1862 1207 1929 officium
1251 1883 1311 1949 per

260 1972 394 2039 idoneos
417 1971 643 2059 predicatores
665 1970 799 2035 interim
821 1969 942 2035 curabo
965 1967 1122 2075 suppiere.

743 2304 836 2373 XIV.

272 2504 355 2572 Vtro
374 2503 560 2572 ocrtcroditi
579 2510 607 2570 ot
623 2503 667 2569 ia
683 2502 816 2571 coesto
836 2501 1017 2569 carisomo
1031 2504 1153 2570 Fratri
1167 2504 1310 2586 Alorda
1383 2512 1403 2557 2·
1432 2546 1438 2558 ·

350 2605 469 2695 priori
501 2606 716 2694 poroviom'oio'
751 2607 920 2673 Fratrum
956 2606 1232 2675 Praedt'catoram
1268 2609 1312 2675 r'sra

354 2709 496 2795 Aetolia,
539 2710 704 2776 Robortas
740 2709 959 2776 naiserotc'ooc
1004 2709 1130 2777 divino
1175 2709 1311 2777 Ldncot

353 2810 487 2879 amosis
512 2812 702 2900 Episcopus
730 2812 876 2880 satutem
902 2818 932 2879 et
956 2810 1132 2881 sonarum
1155 2811 1312 2881 caritot-is

357 2914 536 3001 offectura„¹

313 3086 540 3179 Compertum¹
564 3094 615 3158 est
636 3088 724 3178 apud
753 3088 824 3158 me⁹
845 3097 965 3160 vestrae
988 3092 1174 3161 sanctitatis
1196 3097 1312 3161 votum
1325 3105 1463 3175 Aequas

267 3194 407 3259 salutem
439 3194 624 3259 animarum
654 3195 805 3261 omnibus
839 3171 987 3261 caritatis
1020 3195 1199 3263 visceribus
1228 3175 1484 3294 dmi-ffi⁸⁸h{ffi

268 3297 391 3377 derare,
415 3297 566 3364 omnibns
589 3298 759 3363 conatibus
787 3297 831 3363 ad
860 3298 953 3363 illem
975 3298 1135 3381 anhelare,
1161 3300 1313 3366 omnibns
1326 3258 1482 3362 dedendus

266 3399 415 3466 laborum
444 3401 617 3467 sudoribus
650 3401 741 3465 illam
774 3422 954 3489 procurare.
1000 3401 1080 3469 Ideo
1110 3425 1177 3468 non
1198 3402 1313 3468 multis
1325 3376 1465 3508 duddi&-

269 3525 349 3591 opus
378 3508 428 3569 est
458 3503 723 3592 persuasionibus
745 3502 787 3568 ad
810 3526 869 3569 vos
891 3505 1151 3593 permovendum
1181 3506 1224 3571 ad
1254 3506 1312 3570 adi-
1327 3510 1471 3562 Clivevith

268 3607 348 3693 quid
382 3606 471 3694 quod
501 3606 632 3694 proficit
652 3607 689 3671 in
716 3606 855 3672 salutem
885 3609 1076 3674 animamm.
1123 3608 1314 3695 Promptam
1326 3578 1456 3711 &grutere

268 3710 357 3775 enim
385 3710 423 3774 in
444 3710 505 3775 hac
526 3714 628 3796 parte,
659 3731 732 3796 quae
766 3714 877 3775 tractu
900 3710 952 3775 et³
974 3710 1119 3798 impulsu
1141 3732 1208 3777 non
1230 3716 1313 3799 eget,

268 3812 396 3879 habetis
425 3814 641 3879 voluntatem.
697 3812 971 3879 Persuasibilibns
999 3814 1104 3901 igitur
1131 3815 1242 3882 verbis
1263 3838 1316 3881 su-

268 3912 422 4001 persedeo
444 3912 480 3977 in
502 3910 665 4000 petitione
687 3932 759 3978 mea
790 3912 1009 3999 praesentibus
1030 3912 1155 3980 inserta
1176 3919 1212 3981 et
1233 3915 1316 3980 cari

268 4014 334 4080 tati
362 4021 482 4080 vestroe
511 4014 642 4093 directa
667 4015 746 4101 qnia
776 4014 933 4081 exaudita
954 4037 1021 4081 non
1045 4016 1251 4083 mediocriter
1281 4018 1316 4082 in

270 4117 408 4183 salutem
443 4116 592 4203 proficiet
626 4118 818 4185 animomm.
864 4117 927 4183 Est
949 4123 1060 4185 autem
1093 4143 1166 4186 mea
1187 4121 1314 4209 petitio,

270 4225 310 4285 ut
338 4227 457 4287 vestrae
479 4220 666 4287 sanctitatis
687 4221 822 4287 devotio
844 4222 1010 4301 concedat,
1038 4229 1072 4288 et
1102 4224 1315 4306 concedendo,

269 4324 298 4389 si
335 4324 450 4410 placet,
493 4322 606 4389 litores
649 4329 776 4390 vestras
813 4324 975 4411 injungat,
1015 4331 1177 4411 quatenus
1213 4328 1315 4393 frater
1422 4340 1424 4344 ’

304 4678 311 4711 ¹
332 4663 495 4749 compertas]
538 4664 649 4745 Certum3
672 4680 769 4745 O.C.G,
851 4681 926 4749 ΗΜ]
945 4694 993 4734 om.
1006 4680 1101 4739 c.0.c.

272 4763 323 4814 Ox.
851 4762 860 4791 ¹
879 4763 915 4828 et]
932 4771 983 4826 ant,
994 4763 1094 4827 000„
1105 4765 1155 4817 01³
