3500 5784
277 2485 364 2551 burge.

277 3648 301 3692 2.

445 828 511 894 316
770 842 916 892 nonarur
939 842 1170 893 oaossnrrsru

443 1024 553 1085 vestra
585 1016 711 1103 aliquid
745 1016 790 1081 sit
823 1015 985 1081 insertum
1008 1015 1097 1102 quod
1129 1014 1234 1102 possit
1256 1014 1362 1081 videri
1385 1014 1493 1081 minus

444 1119 645 1197 rationabile,
660 1118 746 1183 illud
767 1117 901 1183 studeat
921 1122 1033 1183 vestra
1055 1118 1206 1183 discretio
1223 1117 1370 1184 evidenti
1385 1140 1492 1184 neces-

443 1224 543 1288 sitate
564 1218 719 1287 rationis1
736 1242 896 1286 excusare.
943 1220 1063 1301 Tertio,
1079 1224 1119 1285 ut
1138 1220 1225 1309 siqui
1243 1221 1409 1287 mandatis
1424 1244 1494 1286 ves-

443 1326 504 1390 tris
519 1322 769 1389 rationabilibus
791 1321 1003 1387 inveniantur
1022 1322 1166 1399 rebelles,
1183 1322 1273 1410 prius
1288 1327 1406 1411 agatur
1420 1345 1492 1389 cum

443 1428 491 1492 eis
512 1426 638 1491 ratione
660 1446 759 1511 qnam
781 1428 961 1511 potestate;
984 1446 1058 1489 cum
1079 1429 1161 1489 tuno
1186 1426 1291 1513 primo
1317 1424 1493 1490 exserenda

388 1614 392 1623 Ι
443 1530 489 1593 sit
502 1530 554 1593 vis
575 1528 757 1614 potestatis,
772 1548 846 1590 cum
868 1524 1076 1591 adversarius
1098 1547 1165 1590 non
1181 1527 1326 1591 vincitur
1339 1527 1375 1591 vi
1394 1528 1493 1592 ratio-

443 1630 632 1709 cinctionis3
663 1630 724 1694 hoc
758 1628 846 1693 enim
868 1629 983 1693 ordine
1005 1632 1040 1693 et
1066 1629 1135 1715 ipse
1163 1627 1317 1693 Salvator
1338 1629 1491 1694 adversus

444 1733 666 1798 adversarium
688 1732 723 1795 in
746 1734 868 1796 nostrae
891 1730 1105 1818 reparationis
1128 1752 1222 1817 opere
1245 1732 1407 1817 prooessit

488 1834 571 1901 Haec
590 1838 640 1900 est
657 1834 760 1921 igitur
781 1834 824 1898 ad
846 1854 989 1919 praesens
1012 1833 1048 1895 in
1070 1832 1215 1918 generali
1237 1832 1343 1898 nostri
1366 1854 1492 1897 summa

443 1938 579 2017 consilii,
609 1937 766 2023 quatinus
799 1955 854 2001 eos
886 1935 943 2019 qui
974 1934 1010 1998 in
1044 1934 1229 2001 coemeterio
1259 1933 1300 2000 de
1334 1935 1490 2003 Pinocbec

444 2041 481 2105 in
502 2044 629 2105 vestros
650 2039 787 2104 nuncios
809 2058 925 2103 manus
955 2042 1078 2103 temere
1108 2036 1271 2103 violentas
1300 2036 1488 2123 injecerunt,

444 2142 575 2231 publice
611 2162 649 2207 ac
692 2140 872 2205 solenniter
915 2139 1106 2205 denunciari
1142 2137 1270 2205 faciatis
1307 2160 1491 2205 excommu-

445 2247 586 2325 nicatos3
619 2244 803 2330 specialiter
839 2247 952 2307 autem
985 2242 1021 2306 in
1051 2241 1113 2307 hoc
1134 2242 1267 2327 negotio
1289 2242 1384 2307 vobis
1414 2262 1489 2307 con·

275 2350 386 2471 alapa
401 2348 591 2442 dosulimus,
613 2346 770 2433 quatinus
801 2365 876 2410 cum
899 2345 1012 2431 priora
1033 2343 1075 2408 de
1098 2342 1259 2431 Spalding
1280 2349 1315 2410 et
1336 2344 1491 2432 magister

445 2450 630 2517 Bernardus
673 2447 717 2514 ad
760 2451 904 2512 vestram
948 2446 1140 2512 moemerint
1182 2448 1399 2533 praesentim,
1436 2468 1490 2513 eos

445 2574 619 2639 eorumque
640 2550 813 2639 privilegia
845 2552 881 2613 et
912 2547 1126 2635 superiectis
1157 2548 1220 2613 sibi
1252 2548 1415 2636 impositis
1440 2571 1489 2615 rc·

445 2655 633 2742 sponsiones
662 2651 886 2717 favorabiliter
915 2650 1066 2728 audiatis,
1099 2654 1133 2716 et
1163 2670 1218 2715 eos
1250 2650 1489 2717 rationabiliter

444 2758 670 2845 pertractetis3
714 2776 789 2821 cum
827 2773 923 2817 nemo
961 2753 1005 2817 sit
1043 2751 1308 2819 condemnandus
1345 2752 1490 2819 adversa

444 2862 557 2947 partis,
610 2862 904 2945 quantumcunque
948 2854 1135 2919 rationabili
1187 2854 1373 2934 msertione,
1426 2854 1488 2919 nisi

443 2962 559 3029 audita
589 2961 681 3047 prius
713 2958 817 3044 ipsius
851 2952 1054 3035 defensione3
1089 2977 1226 3043 cumque
1260 2955 1347 3022 dicta
1368 2956 1489 3023 vicaria

444 3066 622 3129 multarum
651 3061 771 3127 habeat
793 3080 904 3124 curam
926 3058 1118 3139 animarum,
1141 3064 1176 3123 et
1198 3064 1268 3123 tam
1290 3059 1332 3124 de
1353 3058 1488 3123 necessi-

444 3173 513 3233 tate
536 3166 651 3231 salutis
673 3182 786 3228 aarum
809 3182 907 3248 quam
937 3160 977 3225 de
1002 3158 1079 3245 jure
1108 3161 1252 3245 requirat
1273 3161 1431 3227 vicarium
1453 3162 1488 3225 in

443 3292 482 3334 ea
504 3269 658 3335 continue
679 3264 892 3353 personaliter
913 3262 1128 3342 residentem3
1149 3263 1315 3351 possitque
1337 3262 1489 3329 dominus

341 3447 343 3454 Α
444 3372 535 3458 Papa
571 3368 743 3456 providere
780 3365 899 3452 quibus
936 3364 1079 3429 voluerit
1124 3365 1160 3430 in
1196 3365 1342 3430 rectoriis
1379 3388 1486 3431 curam

442 3474 542 3539 talem
565 3493 633 3537 non
654 3469 860 3544 habentibus,
890 3472 1022 3553 propter
1043 3467 1147 3553 ipsius
1169 3472 1203 3532 et
1224 3468 1325 3533 vestri
1346 3467 1487 3533 nominis

279 3574 428 3627 Faecleavii.
441 3577 563 3641 famam
592 3571 848 3640 conservandam
881 3569 1026 3645 illaesam,
1050 3588 1129 3634 cum
1150 3567 1488 3637 calimarcense

443 3678 572 3744 braum
598 3694 703 3763 quom
724 3677 905 3757 amoenata
929 3668 1089 3757 pretioso,
1112 3670 1310 3735 consulimus
1333 3672 1487 3755 quatinus

441 3781 645 3847 reservantes
666 3772 853 3841 collationi⁹
875 3772 1002 3837 domini
1027 3772 1127 3858 Papae
1157 3772 1300 3859 aliquam
1323 3772 1486 3839 ecclesiam

442 3883 483 3949 de
505 3885 683 3969 patronatu
705 3877 785 3943 dicti
808 3874 933 3962 prioris,
950 3874 1149 3961 permittatis
1171 3874 1278 3941 eidem
1300 3874 1343 3941 ad
1365 3874 1485 3941 dictam

441 3984 597 4051 viennam
628 3982 782 4046 idoneum
815 3982 1018 4064 praesentare.
1064 3975 1132 4041 Vos
1164 3978 1298 4063 insuper
1319 3976 1487 4043 humiliter

442 4094 477 4153 et
499 4085 617 4151 devote
639 4102 799 4168 rogamus,
824 4080 980 4165 quatinus
1012 4079 1197 4143 relaxantes
1225 4079 1319 4144 nobis
1341 4080 1383 4145 ad
1396 4102 1487 4165 ¹prae-

442 4210 516 4255 sens
554 4187 634 4253 dicti
674 4183 792 4271 prioris
836 4187 870 4246 et
914 4180 1064 4267 magistri
1101 4180 1260 4247 Bemarrli
1297 4181 1485 4247 citationem

442 4290 596 4357 veniendi
625 4286 669 4353 ad
690 4306 750 4351 vos
781 4283 866 4349 inira
897 4281 1007 4349 decem
1041 4281 1110 4348 dies
1143 4288 1217 4368 post
1238 4289 1385 4349 nostram
1406 4284 1485 4349 eita-

442 4395 575 4472 tioncm,
610 4412 684 4457 cum
716 4392 850 4475 propter
882 4384 1008 4472 aliquas
1041 4384 1195 4472 speciales
1229 4386 1485 4473 rationesque

474 4731 481 4761 ¹
498 4730 611 4795 scamis]
628 4744 678 4780 om.
690 4727 780 4780 C.C.C.
958 4734 963 4793 Ι
1019 4726 1028 4756 ²
1044 4722 1179 4790 notationi]
1198 4724 1362 4787 collationem,
1374 4724 1464 4777 0.c.c.
