3500 5784
456 827 522 892 4w
782 843 1180 894 mmmcwmmm

289 1020 363 1072 Num.
376 1038 400 1073 v.
454 1015 660 1086 sacerdotum
673 1017 861 1106 principem,
877 1017 997 1084 adduci
1011 1018 1201 1105 praeoipitur
1213 1017 1331 1082 mulier
1351 1020 1507 1103 suspectu

291 1093 387 1150 Μ’
455 1117 496 1184 de
536 1119 705 1200 adulterio,
742 1127 782 1188 ut
822 1143 881 1210 per
914 1119 1019 1208 leym
1057 1119 1226 1207 mm
1261 1119 1445 1185 ‘1⁰⁰th
1479 1141 1504 1183 ⁸

455 1221 620 1290 sacerdote
649 1223 720 1310 ejus
749 1227 859 1290 reatus
888 1228 950 1290 aut
978 1223 1177 1304 innocentia,
1205 1228 1242 1290 et
1262 1221 1336 1310 ipsa
1364 1221 1503 1310 recipiat

455 1325 632 1392 secundum
655 1347 714 1392 aua
736 1326 865 1394 merita.

386 1471 392 1486 ·
499 1427 601 1494 Joaue
622 1450 760 1516 quoque,
784 1450 851 1495 nou
877 1449 937 1516 per
956 1449 1061 1493 unum
1090 1427 1234 1514 aliquem
1255 1427 1298 1494 de
1318 1426 1498 1494 seniontm

457 1528 568 1608 Israel,
606 1531 664 1596 sed
701 1553 758 1618 per
788 1531 939 1619 seipsum,
977 1529 1153 1616 inquisivit
1188 1536 1224 1596 et
1253 1530 1384 1595 invenit
1427 1531 1497 1615 quis

453 1631 702 1720 pravaricatio
718 1631 795 1718 fuit
817 1631 1027 1700 mmtdatum
1044 1629 1201 1710 Daradrai,
1223 1630 1429 1716 wimundo
1456 1632 1496 1698 dc

309 1769 344 1804 oa
384 1755 390 1770 ·
456 1733 669 1802 amurcae
691 1733 832 1813 Jericho,
855 1734 1095 1820 inventumque
1117 1756 1209 1799 reum
1231 1755 1307 1798 cum
1321 1732 1410 1799 furto
1431 1756 1494 1812 auo,

306 1859 313 1883 ¹
357 1859 365 1874 ·
455 1843 652 1926 congregato
674 1859 803 1904 oumco
821 1837 911 1904 omni
934 1834 1495 1914 Istactduaitadoaitemddsor,

455 1937 608 2026 dixitque
644 1938 688 2004 ad
724 1961 799 2004 eum
837 1939 1065 2016 condemnans,
1106 1937 1201 2020 Quia
1247 1935 1393 2004 turbasti
1426 1961 1495 2019 rws,

456 2039 562 2106 turbat
594 2035 817 2108 iaDomr‘mus
849 2040 893 2106 iu
916 2040 973 2108 die
1004 2039 1066 2107 iao
1077 2065 1091 2119 ,·
1112 2040 1156 2106 ad
1178 2061 1278 2126 quam
1308 2040 1497 2106 condemna-

456 2143 581 2208 tionem
608 2141 784 2229 lapidavit
809 2163 889 2209 oum
917 2142 1033 2210 orturis
1062 2141 1184 2223 Israel,
1217 2149 1248 2208 et
1277 2149 1400 2210 curuata
1426 2166 1497 2230 pua

456 2243 559 2311 illius
580 2252 679 2312 eraut
700 2244 781 2332 ipre
802 2252 1006 2331 oorrswmpta
1026 2251 1116 2312 curat.

500 2345 535 2412 N
535 2347 661 2435 unquid
676 2369 743 2414 nou
758 2369 802 2414 ex
815 2347 868 2414 his
882 2346 1020 2414 evidens
1033 2353 1092 2425 est,
1115 2348 1203 2434 qnod
1226 2369 1339 2414 omnes
1361 2347 1498 2414 codena

455 2455 491 2516 et
506 2449 617 2516 omnia
631 2472 743 2516 aarum
762 2451 839 2537 jura
853 2451 898 2516 ad
911 2449 1153 2516 ordinationem
1167 2449 1309 2538 episcopi
1322 2451 1497 2537 pertinent,

456 2555 491 2618 et
512 2551 583 2638 ejus
600 2552 725 2638 judicio
748 2558 782 2618 et
807 2556 973 2640 potestate
1005 2551 1184 2639 gubernari
1214 2551 1346 2631 debent,
1368 2553 1498 2639 ejusque

455 2655 501 2720 sit
522 2653 680 2734 visitatio,
703 2653 866 2732 correctio,
890 2658 925 2720 et
945 2653 1136 2720 reformatio
1157 2655 1303 2720 omnium
1324 2677 1413 2722 curse
1433 2677 1499 2723 aure

456 2758 709 2838 commissorum
744 2777 812 2823 non
844 2756 950 2822 solum
980 2757 1145 2822 minorum
1175 2757 1234 2822 sed
1265 2763 1301 2822 et
1331 2758 1498 2844 majorum,

457 2881 569 2926 corum
591 2859 746 2926 videlicet
767 2857 824 2945 qui
845 2857 909 2924 sub
930 2858 1002 2946 ipso
1024 2880 1137 2924 miram
1158 2858 1271 2945 populi
1291 2867 1421 2947 gerunt,
1434 2883 1498 2926 non

457 2963 611 3028 obstante
644 2985 683 3028 eo
705 2962 793 3048 quod
818 2959 918 3027 habet
939 2960 1001 3026 sub
1016 2983 1060 3040 se,
1075 2966 1116 3026 ut
1129 2982 1215 3048 saepe
1236 2959 1363 3027 dictum
1385 2970 1444 3042 est,
1465 2964 1500 3028 in

456 3065 564 3130 oneris
601 3064 653 3130 sui
689 3065 927 3144 allevationem,
964 3085 1034 3129 non
1062 3064 1099 3128 in
1127 3063 1302 3150 potcstatis
1338 3086 1406 3132 susa
1443 3071 1500 3132 aut

456 3165 631 3232 miniatem
653 3165 705 3230 aui
727 3165 979 3253 ademptionem,
1002 3164 1229 3252 coadjutores?

502 3267 587 3334 Cum
610 3267 699 3334 enim
713 3268 812 3334 multi
833 3272 914 3334 sunt
927 3268 986 3354 qui
1007 3290 1067 3334 nec
1087 3268 1131 3334 ad
1145 3268 1422 3356 praedicationem,
1444 3291 1501 3337 neo

289 3365 358 3466 ⁰¹⁶¹
377 3349 413 3400 ὴ·
455 3370 499 3436 ad
530 3371 754 3459 exemplorum
791 3370 1021 3452 ostensionem,
1051 3391 1112 3436 neo
1147 3371 1192 3436 ad
1228 3379 1502 3438 sacramentorum

455 3475 775 3544 administrationem
797 3499 818 3542 a
839 3477 980 3564 pcccatis
1001 3475 1069 3542 auis
1090 3476 1269 3562 expientur
1289 3483 1325 3543 et
1346 3479 1503 3545 munden-

456 3586 521 3660 tur,
545 3579 601 3644 sed
624 3580 702 3666 quia
733 3578 810 3644 duri
832 3585 920 3660 sunt,
941 3586 1041 3666 egent
1061 3579 1133 3666 regi
1153 3579 1191 3644 in
1213 3579 1310 3668 virga
1329 3580 1442 3662 ferrea,
1465 3588 1503 3648 ut

456 3681 547 3748 lutae
577 3685 612 3747 st
644 3681 800 3748 indurata
831 3703 944 3748 corum
974 3703 1072 3770 opera
1102 3683 1381 3770 constringantur,
1403 3690 1439 3750 et
1458 3685 1503 3750 sic

456 3782 591 3850 tandem
624 3783 818 3872 resipiscant
850 3790 886 3850 ct
906 3785 1104 3872 expientur3
1125 3784 1192 3849 nisi
1212 3786 1382 3873 episcopus
1403 3788 1504 3874 possit

457 3885 594 3952 visitare
630 3890 666 3952 et
702 3886 738 3950 in
775 3886 870 3974 virga
914 3887 1094 3975 disciplinae
1136 3888 1379 3955 aecclesiasticae
1421 3890 1504 3956 tales

458 4011 569 4077 regere
623 3995 658 4056 et
711 3988 861 4076 dirigere,
910 3990 1071 4075 quomodo
1123 3989 1228 4056 stabit
1281 3992 1372 4077 quod
1424 3993 1504 4059 dicit

291 4113 436 4168 launi.
459 4092 621 4158 Dominus
657 4113 714 4178 per
752 4091 890 4178 Moysen
925 4090 969 4156 ad
1004 4092 1163 4179 populum
1202 4091 1329 4158 Israeli
1365 4092 1414 4160 Iu
1446 4094 1505 4162 too

290 4186 434 4244 ³⁰⁹³2233·
458 4193 515 4260 die
544 4192 691 4279 aptatio
720 4191 783 4259 erit
807 4191 918 4274 vostri,
939 4198 1041 4278 atque
1068 4192 1253 4260 mundatio
1275 4193 1319 4260 ab
1347 4195 1504 4262 comibus

453 4294 602 4384 peccatis
623 4294 742 4362 uostris
752 4319 767 4376 ;
799 4315 912 4362 coram
933 4293 1086 4360 Dorur'aw
1120 4294 1396 4365 mundabimini.
1439 4301 1504 4365 Eu

453 4395 568 4486 piabit
605 4403 719 4464 auem
749 4397 901 4464 sacerdos
933 4397 997 4484 qui
1033 4403 1162 4464 mutua
1184 4399 1307 4484 suerit,
1340 4407 1372 4466 et
1408 4400 1504 4487 uria

456 4500 612 4568 uaitiotm
626 4507 710 4566 aaut
730 4521 860 4566 uicuue
881 4506 921 4566 ut
936 4499 1120 4566 escariotis
1135 4499 1317 4586 fuupotur
1324 4525 1394 4589 pro
1407 4511 1503 4590 patro

458 4625 543 4684 suo;
573 4601 806 4690 induciturque
836 4602 923 4670 stota
953 4602 1048 4669 liucu
1069 4610 1100 4670 et
1121 4602 1267 4669 mettas
1302 4605 1440 4686 sanctie,
1473 4613 1503 4672 et

460 4704 608 4795 aptabit
630 4705 873 4774 moneam
885 4713 918 4774 ot
931 4704 1187 4774 eumaeum
1200 4705 1394 4776 testimonii
1407 4715 1504 4797 atque
