3500 5784
695 795 872 848 misinen.
1246 778 1307 842 191

264 971 501 1052 suetudinibus,
539 993 597 1040 seu
634 992 798 1038 sacrorum
835 989 997 1036 canonum
1033 965 1310 1045 institutionibus,
1323 969 1461 1050 marmor

264 1097 321 1144 seu
353 1081 539 1144 sanctorum
572 1079 705 1162 patrum
739 1079 773 1140 et
807 1073 1030 1159 expositorum
1061 1093 1161 1160 samm
1182 1039 1468 1158 paginoeffil
1498 1129 1506 1146 .

263 1179 504 1246 traditionibus
566 1177 681 1245 Habet
717 1181 829 1242 autem
863 1174 1003 1262 antiqua
1038 1179 1075 1240 et
1111 1170 1311 1261 approbata¹
1324 1171 1482 1252 anular-

264 1281 473 1361 consuetudo,
496 1283 536 1346 ut
557 1279 600 1346 de
622 1279 757 1346 ecclesia
789 1277 971 1345 dedicanda
1003 1275 1183 1342 efferantur
1204 1275 1315 1344 omnia
1326 1245 1465 1370 iiim}

265 1405 338 1470 qum
375 1406 443 1450 non
479 1404 650 1472 possumus
683 1380 924 1448 rationabiliter
958 1378 1170 1466 interpretari
1205 1371 1464 1488 paaamffl

266 1507 334 1553 esse
368 1486 484 1552 eomes
515 1485 723 1566 emmim,
757 1505 831 1571 quo
853 1487 966 1551 auam
986 1482 1230 1549 rationabiliter
1251 1440 1460 1556 ruffini?

265 1594 401 1676 possunt
422 1588 539 1655 domus
561 1587 750 1655 dedicandae
784 1608 853 1653 esse
882 1585 1064 1673 partioulae,
1087 1585 1124 1650 in
1146 1585 1215 1650 suis
1236 1583 1316 1649 locis
1327 1572 1467 1690 Μξῗῖ

266 1696 454 1758 remaneant
469 1692 658 1779 incorrupta
680 1694 714 1755 et
736 1689 824 1770 fixa3
845 1693 887 1754 ut
908 1689 1003 1768 ostia,
1020 1688 1180 1765 fenestris,
1196 1686 1314 1764 trabes,
1327 1655 1464 1759 ww·

266 1796 352 1860 muri
385 1801 419 1860 et
449 1795 589 1883 parietes
620 1793 720 1860 etiam
742 1792 921 1870 interiores,
945 1795 980 1856 et
1011 1790 1129 1856 sedilia
1159 1789 1317 1855 tixionem
1327 1773 1484 1892 gom&

266 1901 453 1963 manentem
484 1896 656 1976 tenentia;
690 1894 851 1982 imagines
884 1915 971 1971 vero,
1004 1892 1180 1981 horologia,
1203 1892 1316 1971 theare,
1329 1908 1392 1959 tion.

266 1999 380 2066 sedilia
401 2021 468 2064 non
489 1999 565 2080 fixa,
588 2002 624 2066 et
645 2001 851 2064 mortuorum
882 2001 954 2062 tam
975 1994 1123 2063 fidelium
1145 2017 1245 2082 quam
1267 1995 1317 2060 in·

266 2101 413 2169 fidelium
436 2122 569 2190 corpora
603 2122 678 2187 quae
710 2105 828 2165 notum
859 2103 911 2164 est
941 2097 1028 2164 infra
1059 2097 1193 2163 domum
1226 2096 1317 2163 dedi-

267 2203 404 2270 candam
427 2224 495 2269 esse
516 2202 653 2290 sepulta,
670 2202 724 2268 vel
744 2202 781 2266 in
802 2201 907 2268 thecis
928 2201 1078 2289 reposita,
1102 2199 1183 2286 quie
1201 2197 1319 2266 domus

268 2305 456 2372 dedicandae
489 2303 659 2393 particulae
694 2326 902 2391 nequaquam
940 2303 1098 2383 existunt,
1131 2302 1239 2368 efferri
1276 2302 1318 2369 de

267 2408 429 2494 majorum
461 2413 624 2496 praecepto
668 2411 918 2473 consueverunt
980 2403 1091 2486 Unde,
1129 2405 1215 2471 sicut
1259 2429 1319 2494 pro

268 2515 356 2577 certo
386 2509 567 2597 accepimus
598 2509 641 2575 ab
678 2509 731 2574 his
768 2507 827 2595 qui
857 2507 1090 2588 interfuerunt,
1112 2507 1221 2576 beetae
1252 2531 1320 2574 me·

269 2613 382 2679 moriae
427 2611 616 2700 Stephanus
654 2609 903 2678 Oantuariensis
946 2609 1214 2698 archiepiscopus,
1245 2633 1318 2677 cum

269 2715 436 2782 ecclesiam
470 2713 720 2781 conventualem
758 2713 893 2780 Sanctae
929 2712 1103 2780 Trinitatis
1140 2712 1320 2781 Londoniae

270 2817 446 2898 dedicaret,
480 2821 551 2882 tam
586 2837 721 2904 corpora
751 2805 940 2882 sanctorum
976 2836 1077 2902 quain
1113 2814 1252 2881 aliorum
1284 2816 1321 2881 in

271 2917 384 2985 eedem
422 2917 554 2985 ecclesia
591 2917 829 3006 quiescentium
866 2915 974 2984 efferri
1010 2917 1096 2998 fecit,
1134 2923 1169 2983 et
1205 2917 1320 2985 statim

270 3021 403 3087 eeclesia
447 3020 598 3087 dedicata
641 3043 715 3087 cum
765 3019 880 3086 debita
932 3019 1145 3087 veneratione
1198 3019 1320 3087 referri.

272 3123 444 3190 (lenonum
479 3143 607 3210 quoqne
638 3122 807 3189 institutio
837 3120 940 3188 habet
973 3122 1062 3209 quod
1092 3121 1259 3189 ecclesiam
1284 3124 1321 3188 in

271 3247 338 3313 qua
360 3225 518 3292 cederem
548 3229 751 3292 mortuorum
782 3223 929 3290 fidelium
951 3225 1007 3291 vel
1027 3224 1211 3292 infidelium
1233 3248 1322 3313 sepe·

270 3327 409 3406 liuntur,
434 3327 633 3394 sanctificare
662 3349 730 3394 non
750 3327 835 3394 licet.
881 3327 1005 3393 Beatus
1038 3349 1166 3414 quoque
1199 3328 1320 3416 Grego·
1333 3355 1359 3406 s.
1372 3354 1476 3418 sagae

271 3431 341 3496 rius
364 3430 513 3498 Uestorio
535 3431 683 3519 episcopo
697 3429 901 3496 Ariminensi
923 3429 1103 3496 oratorium
1117 3430 1319 3514 rimotheae2,
1331 3422 1411 3537 {⁹¹¹}
1423 3420 1480 3469 Lis.

271 3531 412 3599 illustris
455 3532 607 3612 foeminae,
647 3531 827 3598 committit
872 3532 1098 3612 dedicandum,
1136 3533 1165 3598 si
1208 3527 1388 3608 tamensis
1405 3502 1442 3551 'p‘

273 3641 292 3672 “
306 3633 437 3701 nullum
459 3655 574 3722 corpus
596 3633 719 3700 ibidem
742 3639 869 3701 constet
892 3655 961 3702 esse
981 3635 1185 3702 humatum”
1240 3636 1322 3702 Ideo
1391 3719 1395 3727 ι

272 3736 367 3803 vobis
398 3735 592 3802 mandamus
624 3735 764 3802 firmiter
796 3735 1015 3824 injungentes,
1048 3742 1089 3804 nt
1121 3738 1158 3804 in
1187 3760 1323 3830 vespera

273 3839 340 3904 diei
374 3837 591 3905 dedicationis
625 3837 766 3904 ecelesiae
798 3844 927 3919 vestrae,
950 3839 1061 3905 omnia
1091 3862 1165 3926 quae
1190 3841 1226 3905 in
1248 3862 1321 3929 par-

272 3941 392 4006 tioulas
432 3939 572 4006 eeclesiae
604 3945 723 4006 vestree
759 3941 943 4028 computari
979 3941 1221 4007 rationabiliter
1256 3963 1323 4009 non

273 4046 420 4130 possunt,
444 4041 552 4108 efferri
573 4041 709 4122 faciatis,
732 4047 767 4108 et
797 4043 901 4108 etiam
923 4049 1109 4109 sanctorum
1131 4065 1265 4130 corpora
1285 4044 1323 4108 in

273 4147 344 4212 loco
366 4145 564 4232 competenti
595 4150 692 4211 extra
725 4144 891 4211 centenam
922 4144 1099 4211 honorifice
1128 4143 1322 4226 collocanda,

274 4253 370 4314 nocte
400 4251 473 4312 tota
505 4267 579 4313 cuni
614 4246 788 4313 devotione
819 4247 857 4312 in
889 4246 1015 4334 vigiliis
1051 4252 1086 4313 et
1120 4245 1323 4312 orationibus

274 4349 487 4427 observanda,
503 4353 633 4437 peracto
655 4348 872 4415 dedicationis
895 4349 1007 4428 officio,
1031 4371 1105 4415 oum
1127 4345 1322 4414 solennitate

389 4553 396 4558 -
410 4552 617 4559 ..„..-.....
1126 4548 1294 4558 Μ..-
1308 4549 1322 4554 .-

310 4673 571 4728 *cenimina
797 4675 806 4746 p
859 4671 1307 4740 =ra0ea1rien0aac.o.o.
