3500 5784
470 823 535 886 384
795 841 942 890 noscam
964 841 1192 893 oaoasnrmrn

300 1033 578 1095 auctoratorum,
615 1033 687 1080 nim
731 1013 964 1102 pertmwibm,
1010 1015 1068 1082 scd
1110 1015 1298 1083 enecatis
1334 1036 1416 1081 eum
1459 1035 1514 1090 eo;

300 1101 441 1208 ΜΨ·
470 1113 580 1182 mm
621 1137 749 1203 quoque
795 1125 856 1184 aut
896 1139 991 1184 ovem
1019 1117 1149 1204 fictiia
1191 1119 1246 1186 tui
1280 1139 1355 1186 uon
1390 1116 1517 1184 uidebis

298 1191 449 1310 {mm
468 1225 639 1284 emaum
660 1225 691 1284 ct
717 1219 918 1306 prooem,
952 1221 1010 1287 sed
1030 1221 1168 1288 reduces
1182 1219 1296 1309 fruiti
1324 1228 1391 1299 tuo,
1414 1219 1515 1286 etiam

467 1319 519 1385 si¹
543 1343 616 1388 ooo
638 1329 684 1388 cot
710 1321 933 1410 puopimquus
958 1331 1039 1390 turm
1061 1324 1184 1410 frater,
1207 1346 1269 1390 me
1292 1323 1384 1389 nosti
1413 1343 1514 1400 suom

467 1423 565 1490 duces
597 1424 642 1490 ia
673 1425 815 1492 doctum
848 1433 954 1505 luem,
986 1433 1018 1492 et
1039 1434 1143 1494 eruut
1175 1426 1273 1513 optut
1296 1433 1326 1491 te
1348 1422 1514 1512 praeradia

465 1533 595 1610 qztoetmt
610 1549 650 1592 ea
664 1527 779 1614 futter
794 1535 883 1607 licus,
898 1535 930 1594 et
945 1527 1099 1614 recipiat.
1138 1528 1248 1594 Multo
1270 1529 1377 1616 igitur
1397 1526 1514 1592 fortine

465 1627 491 1692 ai
523 1633 671 1695 occurrat
694 1631 862 1718 episcopus
888 1632 944 1698 ovi
967 1632 1106 1719 propriae
1133 1631 1267 1711 erranti,
1285 1630 1420 1697 reducet
1444 1649 1513 1693 eom

464 1731 508 1794 ab
539 1753 646 1798 errore
668 1731 710 1797 nd
734 1735 910 1800 veritatem
940 1755 999 1820 per
1028 1734 1278 1800 ecclesiasticam
1301 1731 1512 1818 disciplinam,

464 1853 532 1896 non
555 1833 670 1912 solum,
693 1823 737 1898 ut¹
754 1834 888 1920 quidam
903 1835 1008 1915 aiunt,
1024 1857 1083 1922 per
1108 1835 1351 1923 praedicationis
1377 1855 1515 1900 commo·

464 1935 633 2000 uitionem.
679 1935 762 2016 Quis
776 1939 864 2003 enim
880 1939 1004 2025 poterit
1024 1939 1143 2004 bovem
1165 1938 1371 2004 antoninum
1391 1935 1513 2001 inimici

465 2041 627 2102 errantem
657 2037 726 2102 sola
747 2059 826 2105 voce
850 2039 1029 2106 reduceret
1073 2039 1140 2106 Sed
1161 2040 1328 2128 oportebit
1349 2043 1385 2105 et
1405 2059 1514 2124 corpo

464 2139 577 2207 ruliter
599 2159 764 2206 occurrere
786 2147 822 2207 et
843 2142 938 2230 virga
966 2142 1106 2208 feriente
1135 2143 1177 2208 ad
1203 2142 1269 2208 iter
1292 2147 1422 2208 rectum
1443 2161 1514 2205 oon-

465 2247 591 2308 vertere
613 2249 648 2308 et
677 2241 874 2331 pigritantes
903 2245 1081 2324 stimulare,
1113 2251 1148 2312 et
1175 2244 1248 2313 aio'
1269 2245 1377 2311 multo
1405 2243 1513 2308 labore

463 2343 599 2430 adjectis
613 2346 748 2411 vocibus
763 2346 1005 2412 concitantibus
1018 2347 1180 2414 reducere
1224 2347 1303 2412 Non
1324 2345 1513 2434 praeeipitur

464 2451 504 2510 ut
530 2444 646 2512 videns
667 2449 798 2514 asinum
820 2449 963 2514 odientis
985 2471 1020 2514 sc
1036 2449 1202 2535 jacentem
1224 2451 1287 2516 sub
1308 2471 1415 2526 onere,
1438 2469 1511 2513 eum

463 2548 553 2614 vocis
597 2551 833 2616 exclamatione
870 2549 995 2618 excitet
1038 2551 1084 2616 ed
1121 2551 1343 2638 ungendum
1380 2550 1439 2615 sed
1473 2555 1512 2615 nt

463 2649 614 2716 sublevet
644 2673 718 2717 enm
752 2653 845 2717 asino
876 2653 966 2738 quod
1004 2659 1136 2740 oportet
1164 2653 1242 2730 lieri,
1281 2653 1442 2740 appositis
1469 2652 1511 2716 ad

464 2775 547 2818 onus
591 2754 744 2820 menibus
789 2761 823 2820 et
867 2754 989 2820 virium
1034 2753 1215 2820 conatibus.
1263 2754 1373 2820 Multo
1409 2754 1511 2840 igitur

464 2855 567 2943 magis
612 2862 812 2943 peccatorem
849 2861 1014 2922 errantem
1059 2863 1095 2922 et
1138 2854 1201 2920 sub
1234 2877 1342 2936 onere,
1388 2855 1509 2942 peceati

463 2981 619 3044 pressum,
634 2981 703 3026 suoe
725 2981 811 3024 curce
829 2957 1000 3035 traditum,
1019 2980 1079 3046 pro
1098 2957 1191 3044 cujus
1208 2957 1310 3024 et‘mm
1329 2957 1509 3044 perditione

462 3062 531 3148 ipse
575 3066 716 3142 tenetur,
754 3063 888 3127 reducet
924 3061 1093 3149 episcopus
1129 3061 1167 3126 in
1203 3061 1300 3148 virga
1333 3059 1508 3146 diatiplinae

461 3164 693 3244 ecclesiastice,
724 3170 759 3230 et
788 3162 976 3228 sublevabit
1005 3163 1125 3250 quibus
1154 3163 1279 3251 poterit
1307 3161 1510 3228 correctionis

461 3271 496 3333 et
546 3265 785 3332 reformationis
830 3264 1024 3343 conatibus3
1071 3265 1209 3351 adjectis
1244 3265 1389 3352 insuper,
1445 3285 1510 3328 non

460 3371 566 3436 solum
625 3367 793 3456 appositis,
847 3367 1024 3434 salutifere
1064 3367 1307 3454 praedicationis
1369 3366 1508 3433 vocibus.

461 3471 498 3538 si
529 3473 626 3536 fratri
663 3471 762 3537 etiam
800 3491 868 3534 non
897 3470 1081 3558 propinquo
1115 3491 1184 3536 non
1220 3475 1271 3536 est
1308 3470 1509 3556 injuriatum,

460 3573 517 3640 sed
550 3573 657 3638 multo
688 3573 792 3659 magis
823 3571 1077 3637 misericorditer
1105 3593 1180 3636 cum
1213 3593 1252 3637 eo
1277 3577 1398 3653 amum,
1435 3593 1506 3638 enm
1544 3559 1551 3572 ’

460 3677 534 3763 quis
566 3675 685 3741 videus
718 3675 836 3740 bovem
870 3674 973 3761 ipsius
1004 3678 1072 3762 aut,
1099 3695 1195 3739 ovem
1235 3679 1411 3752 errantem,
1441 3693 1508 3737 non

460 3778 564 3844 solnm
586 3775 691 3844 vooe⁸
711 3777 912 3863 increpante,
934 3776 993 3841 sed
1022 3781 1057 3841 et
1078 3775 1183 3864 virgae
1208 3775 1396 3855 directione,
1419 3773 1508 3842 ducit

459 3881 494 3946 in
539 3881 674 3946 domum
718 3901 819 3958 auam,
860 3880 963 3946 donee
983 3907 989 3915 ·
1007 3879 1077 3966 ipse
1114 3885 1243 3965 quaerat
1279 3891 1316 3944 et
1351 3879 1507 3966 recipiat;

460 3985 623 4072 quomodo
655 3983 850 4070 injuriatum
884 3987 936 4048 est
966 3981 1043 4059 lilio,
1082 3981 1111 4046 si
1141 3987 1237 4068 poter
1264 3981 1382 4046 videns
1415 4003 1506 4047 ovem

459 4109 553 4154 snam
590 4091 762 4164 errantem,
802 4107 876 4172 quie
909 4107 978 4150 non
1006 4083 1072 4149 nisi
1109 4106 1152 4149 ex
1189 4083 1293 4170 patris
1329 4084 1507 4150 traditione

459 4196 509 4257 est
541 4191 642 4256 etiam
672 4189 743 4270 lilii,
776 4187 914 4254 redueat
947 4209 1020 4251 eam
1063 4186 1100 4251 in
1135 4186 1271 4252 domum
1300 4207 1403 4265 suam,
1437 4207 1507 4273 quae

459 4293 560 4359 ctiam
583 4293 696 4360 eadem
718 4297 769 4356 est
792 4291 909 4356 domus
929 4289 998 4366 filii,
1022 4294 1064 4354 ut
1087 4288 1176 4354 iilius
1198 4289 1298 4354 simul
1318 4311 1395 4356 eum
1416 4296 1506 4377 petre

492 4642 500 4673 ¹
517 4642 553 4708 a]
572 4657 620 4692 om.
633 4639 723 4692 C.C.C.
1039 4635 1049 4666 ¹
1066 4635 1135 4702 eree]
1154 4651 1203 4686 om.
1215 4634 1315 4690 Quo.
1330 4633 1411 4694 nrm,
1422 4633 1470 4682 01.

489 4723 500 4752 ²
516 4723 565 4788 ric]
583 4737 632 4772 om.
645 4719 734 4771 00.ss
