3500 5784
689 833 867 886 ltrls'loffl.
1236 820 1301 884 265

261 1007 370 1073 Erunt
392 1027 528 1094 quoque,
559 1005 620 1074 hoc
645 1004 759 1072 morbo
781 1005 900 1073 fortius
929 1006 1111 1094 ingruente,
1134 1027 1211 1073 oves
1232 1005 1304 1072 sine

261 1117 413 1198 pastore3
435 1109 514 1196 quia
535 1113 595 1176 aut
614 1108 725 1174 nullus
749 1108 890 1175 intrabit
917 1108 962 1175 iar
982 1109 1069 1177 ovib
1090 1107 1217 1189 ouium,
1240 1114 1301 1174 aut
1315 1119 1448 1173 staur.

260 1212 361 1298 siquis
383 1212 495 1291 intrat,
518 1233 592 1278 coa
612 1209 759 1278 teratu
776 1233 841 1298 por
862 1211 997 1293 ortuum,
1012 1234 1052 1280 ac
1070 1233 1135 1298 per
1150 1211 1211 1278 boc
1226 1191 1375 1278 uoc¹’²·

260 1313 326 1380 anit
343 1321 463 1401 pastor
484 1312 611 1392 murm,
642 1313 699 1378 sed
721 1303 845 1380 va'num
876 1335 993 1401 gerens
1023 1314 1163 1401 pastoris
1183 1335 1304 1379 nomen

260 1417 438 1484 secundum
459 1417 628 1504 prophetae
650 1437 769 1494 vocem,
792 1417 953 1484 veraciter
967 1417 1047 1484 erit
1074 1415 1218 1497 idolium,
1240 1415 1303 1497 vel,
1314 1425 1437 1481 Zernxi.

260 1519 349 1606 quod
384 1517 477 1606 pejus
513 1523 572 1598 est,
609 1519 786 1584 secundum
823 1518 925 1584 alium
961 1519 1163 1606 prophetam,
1197 1495 1406 1613 kouwssm

261 1620 430 1706 coeptantis
466 1626 498 1688 ct
527 1619 607 1707 lupi
650 1641 754 1686 mores
799 1620 964 1687 obtinebit
1007 1627 1043 1688 et
1085 1620 1428 1702 vocabulum31xitas,

259 1724 368 1810 sicque
389 1744 458 1789 non
490 1724 653 1790 existente
675 1744 752 1790 vero
784 1723 917 1790 nomine
937 1729 1075 1812 pectore,
1098 1728 1305 1812 exponentur
1313 1697 1355 1748 ²⁷'

261 1847 339 1892 oves
368 1825 556 1912 perditioni,
578 1829 737 1912 eruntque
767 1826 816 1892 rei
837 1826 954 1893 mortis
975 1849 1088 1893 earum
1109 1847 1177 1892 non
1198 1827 1304 1892 solum

260 1927 297 1994 hi
319 1929 377 2015 qni
399 1950 454 2012 eas
476 1927 654 2016 perditioni
676 1934 854 2016 exponunt,
877 1929 936 1995 sed
957 1933 992 1994 ot
1012 1929 1048 1994 hi
1070 1930 1129 2015 qui
1149 1929 1307 1994 obsistere

261 2035 415 2118 poterant
437 2035 472 2097 et
493 2051 560 2097 non
582 2031 789 2098 obstitemnt
834 2030 888 2098 Ne
918 2031 1022 2119 igitur
1045 2035 1142 2097 tanta
1163 2030 1250 2097 mala
1269 2031 1308 2096 in

260 2133 456 2198 immensum
499 2137 706 2211 succrescant
752 2136 870 2200 vestrae
914 2133 1125 2220 paternitatis
1167 2133 1309 2200 discreta

261 2234 420 2301 sanctitas
451 2238 580 2320 satagat
610 2234 716 2300 modis
742 2234 894 2300 omnibus
915 2240 986 2301 tum
1007 2235 1174 2322 pestilenti
1194 2236 1309 2303 morbo

261 2336 341 2402 dum
377 2357 488 2402 recens
524 2340 575 2402 est
611 2357 782 2416 occurrere,
820 2357 863 2401 na
899 2337 928 2402 si
963 2357 1022 2424 per
1056 2335 1172 2424 longus
1203 2359 1309 2404 moras

261 2436 448 2517 invaluerit,
470 2459 542 2504 sero
573 2437 768 2504 adhibeatur
799 2436 973 2525 diligentia
998 2439 1143 2506 medelae
1188 2438 1307 2518 Instat,

261 2537 323 2603 ut¹
358 2538 553 2617 audivimus,
576 2539 646 2603 dies
677 2537 844 2605 electionis
875 2539 1077 2607 celebrandae
1110 2541 1147 2605 in
1177 2542 1309 2608 eeclesia

263 2641 468 2722 Hcrfordiae3
490 2645 525 2707 et
557 2639 696 2707 timetur
729 2662 771 2706 ne
804 2640 889 2707 sorte
922 2641 1003 2708 dicti
1033 2642 1140 2709 morbi
1171 2665 1309 2710 acumen

261 2764 295 2809 se
316 2743 441 2810 ibidem
462 2741 592 2808 fortiter
622 2741 770 2830 ingerat3
792 2743 939 2831 ideoque,
961 2747 1003 2808 ut
1032 2750 1153 2812 nostrae
1174 2745 1309 2811 videtur

262 2843 454 2923 modicitati,
477 2849 595 2910 vestra
628 2844 797 2930 sapientise
829 2848 863 2911 ot
896 2845 1087 2911 auctoritati
1112 2848 1308 2914 conveniens

262 2947 325 3012 erit
346 2945 375 3012 si
397 2947 494 3013 diotre
516 2947 657 3013 eeclesiae
678 2946 822 3032 capitulo
844 2967 886 3012 ex
900 2952 994 3034 parte
1015 2952 1126 3013 vestra
1146 2948 1308 3015 scribatur

261 3047 376 3115 efficax
396 3047 562 3136 persuasio
585 3049 626 3116 de
648 3047 796 3136 eligendo
817 3053 947 3136 pastore
968 3049 1094 3129 idoneo,
1117 3054 1151 3116 et
1176 3051 1218 3116 de
1239 3073 1307 3118 non

261 3151 408 3217 timendo
441 3151 548 3218 minas
578 3151 757 3230 hominum,
790 3154 825 3217 et
855 3147 896 3217 de
930 3153 1074 3218 cavendo
1105 3153 1308 3220 seductiones

261 3253 522 3335 blandientium
544 3258 578 3320 et
608 3254 637 3320 si
667 3275 688 3318 a
709 3252 811 3319 latere
832 3258 943 3319 vestro
973 3255 1017 3320 ud
1039 3255 1143 3321 dictos
1164 3256 1252 3322 diem
1273 3262 1309 3324 et

260 3357 368 3423 locum
381 3357 561 3422 mittantur
575 3355 677 3444 aliqui
692 3356 869 3443 prudentes
885 3360 919 3423 et
933 3357 1059 3422 strenui
1080 3357 1138 3443 qui
1160 3357 1308 3424 chartam

262 3457 362 3546 Regis
383 3458 406 3525 J
408 3459 545 3524 ohannis
567 3459 609 3524 de
630 3456 834 3524 concessione
864 3457 1027 3524 libertatis
1057 3459 1253 3526 electionum
1274 3465 1310 3526 et

260 3561 541 3627 confirmationem
574 3564 696 3627 sanotae
727 3560 892 3627 memoriae
924 3560 1024 3648 Papae
1050 3559 1237 3628 Innocentii
1267 3562 1309 3628 de

260 3663 375 3729 eadem
412 3663 624 3743 concessione,
667 3663 927 3749 sententiamque
970 3664 1072 3728 latam
1115 3665 1152 3728 in
1197 3687 1310 3731 omnes

260 3764 435 3831 violatores
468 3763 658 3830 libertatum
695 3785 917 3830 concessarum
954 3765 991 3830 in
1024 3763 1147 3853 Magna
1183 3765 1309 3832 Obarta

260 3868 385 3933 domini
418 3868 512 3954 regis,
534 3867 571 3932 in
601 3889 667 3954 qua
696 3867 885 3934 conceditur
917 3868 1005 3954 quod
1034 3869 1169 3934 eeclesia
1189 3867 1307 3955 Angli-

260 3991 342 4035 cana
363 3969 400 4034 in
420 3973 614 4056 perpetuum
635 3969 681 4053 sit
701 3968 864 4048 liberast
884 3969 1130 4035 habeutomnia
1145 3967 1224 4055 jura
1245 3990 1306 4044 sua

259 4071 396 4158 integra,
420 4075 455 4137 et
483 4071 653 4137 libertates
683 4093 758 4137 suas
788 4071 914 4150 illaeses,
936 4076 972 4137 et
1001 4072 1197 4158 principium
1227 4091 1302 4136 oon-

259 4173 326 4240 cilii
349 4174 544 4240 Oxoniensis
576 4175 612 4240 in
645 4195 710 4260 quo
732 4173 1056 4240 excommunicantur
1081 4179 1223 4238 “omnes
1244 4172 1302 4256 qui
1315 4155 1412 4275 0⁰22}

261 4283 281 4312 “
303 4277 452 4343 ecclesius
465 4276 626 4344 malitiose
641 4299 699 4343 suo
708 4276 783 4362 jure
798 4276 928 4363 privare
943 4279 1156 4364 praesumnnt,
1171 4279 1231 4337 aut
1244 4293 1303 4358 per
1317 4294 1390 4340 rana.

261 4386 281 4418 t
303 4379 464 4445 mansam
473 4379 825 4446 candescentes
836 4375 1099 4477 annnam&
1113 4373 1303 4461 mursam
1314 4354 1462 4487 {iiiiii

664 4709 672 4741 ¹
690 4705 731 4773 ut]
749 4711 782 4769 el,
790 4702 882 4759 estc.
