3500 5784
428 850 471 915 32
756 863 903 919 sosnsrr
927 861 1158 917 orossurrsrn

420 1038 589 1125 fraudem
603 1039 716 1124 'scapis
729 1039 930 1126 patimini?
961 1040 1028 1109 sea
1048 1062 1106 1107 cos
1119 1038 1298 1126 injuriam
1311 1038 1438 1128 scortis
1450 1042 1482 1105 et

423 1140 620 1229 fraudatis,
652 1150 681 1209 et
711 1141 771 1235 lios
798 1142 983 1228 fratribus.
1029 1144 1225 1231 Respiciatis
1256 1144 1366 1222 etiam,
1390 1166 1480 1229 rogo,

427 1266 501 1331 quse
524 1246 640 1311 dicunt
662 1245 863 1331 expositores
885 1268 984 1333 super
1009 1246 1080 1314 baeo
1101 1247 1173 1313 loce
1195 1246 1356 1333 Apostoli,
1380 1250 1415 1311 et
1437 1266 1481 1311 ex

426 1348 491 1413 illis
534 1347 652 1413 intime
698 1348 884 1435 perspectis,
923 1350 1114 1437 vosmetipsi
1143 1348 1292 1434 judicate
1322 1370 1387 1435 quo
1421 1370 1480 1414 vos

426 1452 595 1517 deducunt
624 1450 682 1536 qui
704 1450 798 1517 vobis
820 1452 1019 1538 persuadent
1048 1451 1187 1539 litigare.
1234 1450 1382 1533 Quodsi
1412 1450 1481 1517 haec

427 1552 517 1619 dieta
553 1554 589 1619 in
626 1574 695 1633 me,
712 1553 883 1619 volueritis
916 1554 1044 1632 referre,
1075 1555 1255 1641 respondeo
1292 1554 1394 1632 vobis,
1427 1576 1480 1619 me

428 1656 578 1721 omnibus
601 1655 706 1721 modis
721 1655 811 1721 odire
838 1655 984 1743 litigium
998 1682 1007 1737 ;
1029 1657 1168 1742 ideoque
1183 1656 1301 1737 adbuc,
1316 1655 1402 1723 mont
1422 1654 1477 1722 et¹

428 1758 469 1821 ab
491 1757 597 1835 initio,
622 1760 756 1843 paratus
786 1779 868 1835 sum,
902 1763 937 1824 et
968 1758 1054 1841 sicut
1085 1780 1139 1825 me
1169 1763 1324 1846 peretum
1349 1780 1426 1835 esse,
1450 1757 1479 1823 si

426 1858 577 1937 recolitis,
609 1858 805 1944 aliquotiens
839 1860 933 1925 vobis
965 1862 1090 1947 scripsi,
1123 1866 1163 1929 ut
1193 1861 1359 1927 redditum
1382 1881 1479 1947 quem

428 1961 601 2048 exegeritis
623 1961 719 2047 plene
734 1964 770 2027 et
791 1962 861 2026 sine
877 1962 1136 2029 contradictione
1158 1963 1362 2049 persolvam3
1383 1962 1481 2028 sivir

426 2063 545 2151 aliquis
582 2064 635 2131 vel
673 2063 776 2149 aliqui
807 2050 970 2150 sapientes
1007 2070 1043 2130 et
1078 2064 1165 2144 boni,
1198 2065 1235 2129 in
1268 2087 1349 2151 quos
1382 2064 1479 2131 ambo

425 2168 690 2244 consenserimus,
714 2166 801 2231 bons
823 2166 888 2231 lide
910 2166 1026 2231 audito
1054 2167 1129 2252 jure
1158 2172 1325 2233 vostrost
1347 2168 1480 2253 cognito

426 2269 526 2335 etism
552 2269 627 2354 jure
649 2290 731 2337 meae
755 2268 959 2345 defensionis,
983 2270 1105 2356 absque
1128 2270 1218 2335 omni
1239 2269 1348 2356 litigio
1371 2269 1478 2335 deeer-

368 2394 374 2409 ‘
426 2370 529 2435 nant⁹
552 2372 640 2457 quod
662 2371 699 2437 in
720 2393 807 2457 srepe
835 2372 923 2437 dicto
954 2371 1089 2438 redditu
1119 2370 1327 2458 percipiendo
1357 2372 1478 2437 bonum

339 2478 343 2485 '
428 2474 535 2553 fidem,
561 2473 692 2558 justum
714 2473 860 2553 titulum,
885 2480 920 2541 et
941 2495 1056 2539 verum
1077 2474 1133 2559 jus
1155 2474 1326 2539 babeatis:
1359 2474 1479 2559 quibus

426 2576 452 2640 si
477 2574 617 2641 scienter
648 2577 793 2655 careatis,
826 2598 893 2641 non
927 2577 1064 2664 possetis
1094 2578 1184 2663 quod
1215 2577 1373 2663 expetitis
1407 2599 1480 2663 per·

426 2678 532 2763 cipere
553 2678 624 2743 sine
647 2683 765 2757 vestra,
797 2679 886 2764 quod
917 2678 1013 2761 ebsit,
1037 2679 1271 2759 damnatione;
1301 2679 1387 2745 sicut
1408 2700 1476 2765 ego,

426 2780 455 2845 si
490 2780 593 2845 sciens
626 2801 685 2845 vos
716 2781 777 2846 boc
811 2780 931 2846 hebere
963 2781 1052 2866 quod
1089 2781 1256 2868 expetitis,
1287 2782 1479 2862 detinerem,

427 2882 674 2951 damnationem
711 2883 793 2948 mihi
831 2884 1045 2969 adquirerent
1093 2884 1147 2949 Sit
1176 2884 1289 2969 igitur,
1312 2884 1341 2949 si
1362 2884 1478 2969 placet,

258 2992 364 3058 nepte
427 2985 580 3051 <lominus
610 2985 844 3052 Dunelmensis
866 2986 955 3051 inter
977 3007 1038 3050 nos
1059 2984 1195 3064 arbiter,
1226 2991 1260 3052 st
1291 2986 1379 3072 quod
1408 2986 1478 3073 ipse

258 3068 377 3178 wlff,
428 3086 616 3164 decreverit,
632 3092 742 3152 retum
764 3087 921 3174 utrinque
936 3087 1103 3155 habeatur.
1149 3087 1187 3152 Si
1207 3093 1320 3155 autem
1342 3089 1476 3175 placeat,

258 3202 349 3273 merser
358 3200 385 3243 to
427 3190 512 3256 sicut
534 3188 661 3276 plaeere
683 3189 791 3270 debet,
814 3196 935 3257 vestras
956 3188 1165 3277 professionis
1187 3190 1366 3269 sanctitati,
1383 3192 1477 3256 aliter·

257 3260 369 3387 {iffifd
428 3292 469 3358 de
496 3313 575 3378 paee
597 3295 748 3368 tractare,
773 3292 880 3358 libens
903 3314 1070 3359 occurram
1091 3291 1188 3359 vobis
1211 3293 1327 3379 [apud]
1351 3288 1477 3359 Dunel·

256 3391 388 3457 sishopor
427 3416 526 3473 mum,
547 3394 601 3461 vel
623 3394 716 3474 citra,
739 3394 797 3460 ubi
820 3395 1000 3473 volueritis,
1024 3400 1059 3460 et
1081 3394 1221 3480 quando,
1237 3394 1311 3461 vite
1332 3400 1368 3460 et
1390 3397 1478 3461 sani·

257 3458 385 3576 ffiffil
411 3502 497 3595 'tate
527 3496 770 3577 comitantibus,
803 3502 837 3562 et
865 3496 1045 3583 inopinatis
1067 3497 1313 3583 impedimentis
1336 3496 1477 3563 sublatis

256 3591 403 3707 ffieffit
427 3598 468 3664 de
495 3600 603 3665 medio
615 3623 624 3679 ;
658 3620 732 3664 mee
762 3621 905 3685 nemque
937 3599 1160 3686 peregrinatio
1191 3600 1276 3665 sicut
1306 3620 1350 3664 ex
1380 3622 1478 3666 causa

257 3702 606 3784 Durham,0rneoesssria
637 3700 704 3768 fuit
738 3701 879 3767 firmiter
900 3701 1067 3789 disposite,
1100 3702 1147 3767 sic
1177 3724 1220 3766 err
1250 3722 1348 3767 causa
1369 3724 1478 3769 neees-

257 3791 400 3906 ”plmffind
426 3804 512 3869 saris
533 3805 694 3891 majorum
717 3804 852 3869 consilio
883 3809 917 3870 et
944 3805 1046 3870 etiam
1072 3804 1212 3891 imperio
1242 3810 1293 3871 est
1322 3804 1365 3869 ad
1395 3827 1478 3892 prse-

255 3872 403 4039 llplelllpnil
425 3926 499 3971 sens
522 3906 633 3975 diluta
679 3906 775 3971 Nihil
796 3910 909 3973 sutem
934 3908 971 3971 in
1000 3907 1106 3973 literis
1127 3907 1248 3971 vestris
1269 3906 1351 3973 mihi
1373 3909 1477 3994 msgis

274 4004 327 4053 rspi

255 4071 329 4121 megs

337 3990 388 4108 ᾗ·
426 4009 525 4073 debet
556 4030 625 4074 esse
655 4010 830 4074 molestum
862 4031 961 4094 quem
992 4008 1080 4094 quod
1113 4008 1253 4086 dixistis,
1284 4030 1477 4096 quocunque

256 4124 318 4171 been
327 4132 372 4187 pus
425 4112 536 4175 animo
558 4109 641 4175 illud
664 4110 823 4188 dixeritis,
847 4132 900 4176 me
923 4112 1032 4176 virum
1054 4110 1252 4176 auctoritate
1274 4114 1310 4177 et
1330 4111 1478 4178 scientiae

256 4189 298 4241 ⁰³·
425 4214 575 4281 claritate
598 4214 784 4300 praeditum,
819 4234 894 4277 cum
929 4213 1036 4278 adbuc
1068 4213 1112 4279 ad
1145 4213 1379 4299 discipulatum
1411 4214 1475 4279 Viri

424 4316 602 4385 auctentici
617 4338 669 4381 me
685 4316 825 4380 sentium
840 4316 951 4380 minus
966 4315 1122 4380 idoneum
1138 4320 1172 4380 et
1186 4315 1475 4381 innumerabilium

423 4419 628 4487 sciendorum
666 4419 862 4506 ignorantiis
898 4418 1044 4485 tenebris
1081 4417 1256 4504 perfusum.
1314 4417 1410 4498 Quod
1447 4418 1475 4484 si

409 4524 416 4550 Ι

432 4624 549 4633 --ο-η-
570 4626 574 4631 .
627 4626 699 4632 --.-.--
718 4624 829 4631 --—.—-..-.
848 4624 1083 4631 --.--—-—--——
1118 4624 1122 4628 .
1138 4622 1325 4629 Δ---ι--..--
1362 4624 1422 4631 „—

459 4774 466 4806 ¹
482 4770 518 4835 er]
537 4780 586 4815 om.
599 4763 661 4827 sin,
673 4760 722 4814 Ox.
943 4760 950 4830 Ι
996 4762 1006 4792 ²
1022 4760 1167 4827 moment]
1186 4760 1312 4823 desemel,
1324 4760 1414 4812 CM).
1547 4780 1550 4789 ·
