3500 5784
708 879 887 930 mrsronu
1259 859 1325 932 15⁷

277 1057 323 1124 Et
360 1055 446 1144 quia,
484 1060 525 1122 ut
558 1055 754 1133 audivimus,
793 1050 907 1120 etiam'
948 1053 1081 1138 quidam
1110 1052 1218 1118 adulti
1255 1053 1325 1119 hoec

273 1161 435 1247 ignorant,
467 1159 675 1247 precipimus
712 1163 753 1223 ut
790 1179 863 1224 cum
901 1155 975 1221 laici
1012 1156 1055 1220 ad
1092 1155 1324 1220 oonfessionem

274 1261 443 1342 accedunt,
472 1261 648 1349 diligenter
675 1261 912 1336 examinentur,
937 1263 1050 1322 utrum
1077 1257 1211 1323 scierint
1239 1279 1324 1344 prse-

275 1365 372 1442 dicta,
399 1369 434 1430 et
458 1363 637 1430 secundum
664 1362 752 1448 quod
778 1361 913 1448 expedit
937 1361 973 1425 in
1000 1360 1046 1426 eis
1067 1383 1088 1424 a
1102 1360 1325 1426 sacerdotibus

276 1467 489 1532 instruantur.
549 1465 596 1532 Et
622 1465 700 1551 quia
729 1464 845 1530 mundi
875 1463 999 1528 debent
1036 1483 1114 1543 esse,
1152 1462 1239 1528 siout
1276 1463 1325 1527 ait

278 1567 401 1650 Esaias,
425 1569 483 1656 qui
506 1568 618 1634 ferunt
647 1589 726 1634 vasa
750 1565 907 1632 Domini²
941 1565 1132 1652 pollutaque
1157 1586 1225 1630 non
1248 1570 1325 1630 tsn-

276 1693 360 1758 gere,
385 1673 598 1738 exhortantes
628 1669 835 1757 praecipimus
864 1674 905 1734 ut
934 1689 1046 1733 omnes
1075 1667 1260 1734 beneficiati
1289 1672 1325 1732 et

275 1775 361 1839 inira
387 1797 493 1840 sacros
510 1775 639 1840 ordines
665 1771 840 1838 constituti
862 1771 984 1836 vitium
1007 1770 1149 1837 luxuriae
1179 1792 1325 1836 omnem-

275 1899 338 1963 que
367 1877 587 1942 voluntariam
620 1876 725 1941 earnis
760 1873 1005 1938 immunditiam
1042 1874 1180 1961 fugiant,
1219 1873 1324 1939 conti*

276 1981 400 2046 nentiae
417 1985 585 2044 servantes
608 1978 809 2065 puritatem3
841 1975 1015 2062 nullusque
1045 1998 1157 2042 eorum
1187 1997 1324 2042 uxorem

275 2082 417 2163 ducat³3
449 2082 535 2147 etsi
559 2081 642 2168 quis,
666 2085 843 2165 antequam
859 2084 945 2144 esset
967 2080 1002 2143 in
1028 2078 1127 2144 saeris
1153 2079 1325 2143 ordinibus

275 2185 480 2262 constitutus,
508 2205 644 2248 uxorem
675 2181 816 2260 duxerit,
846 2181 1041 2246 beneficium
1072 2180 1324 2246 ecclesiasticum

275 2307 341 2351 non
371 2291 491 2364 teneat,
523 2307 629 2372 neque
659 2285 695 2349 in
725 2285 824 2350 sacris
854 2284 1024 2349 ordinibus
1057 2284 1086 2348 si
1120 2305 1175 2349 eos
1212 2289 1325 2372 postea

276 2390 443 2475 adceperit,
474 2387 660 2453 ministrare
689 2391 876 2473 praesumat.
943 2385 1091 2471 Cumque
1120 2409 1190 2452 non
1218 2387 1324 2453 solum

275 2513 295 2556 a
320 2492 406 2556 malo
430 2492 487 2556 sed
511 2491 553 2555 ab
580 2491 669 2556 omni
693 2489 797 2576 specie
824 2489 911 2554 mala
937 2489 1168 2555 abstinendum
1192 2491 1245 2570 sit,
1274 2493 1325 2555 in-

274 2594 424 2659 hibemus
450 2593 589 2658 firmiter
612 2615 654 2658 ne
679 2591 784 2658 clerici
810 2592 881 2656 sine
895 2592 1086 2657 rationabili
1101 2601 1136 2657 et
1151 2592 1326 2659 manifesta

274 2717 371 2761 causa
400 2696 611 2782 frequentent
641 2694 942 2760 sanctimonialium
971 2695 1171 2760 monasteria
1210 2702 1245 2760 et
1282 2719 1324 2762 ne

275 2799 448 2885 quisquam
463 2796 611 2863 sacerdos
634 2797 775 2862 retineat
798 2797 968 2862 foeminam
993 2797 1029 2860 in
1053 2798 1150 2862 domo
1174 2821 1234 2862 sua
1254 2799 1325 2864 sive

275 2907 446 2986 cognatam
473 2900 542 2965 sive
569 2899 677 2978 aliam,
694 2899 781 2964 unde
796 2899 901 2986 possit
914 2899 1155 2966 rationabiliter
1169 2902 1256 2966 mala
1282 2903 1323 2967 de

275 3004 346 3089 ipso
362 3003 439 3068 oriri
455 3003 601 3089 suspicio.
641 3003 686 3067 Et
702 3003 779 3087 quia
792 3002 828 3065 in
848 3001 993 3066 Levitico
1008 3001 1090 3066 dicit
1105 3002 1266 3068 Dominus
1281 3007 1323 3071 ad

275 3107 449 3182 Aaronem,
473 3104 609 3170 Visam
630 3111 660 3170 et
684 3125 782 3170 omae
804 3103 896 3189 qaod
917 3103 1091 3169 c‘cwbm‘ore
1110 3111 1225 3189 potest,
1249 3129 1323 3173 oms
1337 3121 1491 3176 husae.

276 3206 378 3286 bibus,
401 3214 441 3272 tu
463 3213 493 3273 et
507 3207 586 3292 filii
608 3206 673 3285 toi,
690 3205 828 3292 qoorzdo
843 3205 995 3271 intrabas
1009 3205 1052 3271 c'o
1067 3207 1325 3276 tabernaculam

277 3310 474 3388 testimonii,
491 3331 535 3375 oc
548 3309 756 3374 anatomici
768 3333 782 3388 ;
805 3331 880 3374 cum
895 3309 1007 3374 Aaron
1023 3315 1058 3375 et
1072 3309 1134 3373 filii
1156 3311 1207 3376 sui
1223 3335 1325 3378 sacer-

278 3413 370 3478 dotes
406 3412 527 3478 veteris
564 3411 645 3497 legis
682 3416 799 3497 gerant
836 3416 956 3497 typum
990 3413 1194 3478 sacerdotum
1226 3415 1324 3502 hujus

277 3515 440 3601 temporis,
470 3515 586 3579 vinum
618 3535 748 3599 quoque
772 3519 806 3578 et
830 3519 948 3578 caetera
977 3513 1176 3580 inebriantia
1204 3522 1323 3605 typum

277 3617 452 3694 ebrietatis,
500 3616 682 3706 sacerdotes
719 3637 848 3702 quoque
886 3614 943 3682 die
977 3637 1016 3681 ac
1052 3624 1146 3684 raoote
1182 3620 1323 3687 debeant
1335 3642 1418 3696 ma
1433 3643 1490 3700 viii.

276 3719 414 3804 mystice
440 3717 484 3784 c'o
505 3717 720 3784 tabernaculo
744 3740 890 3797 amoene,
922 3717 1127 3785 damocles
1155 3717 1378 3790 mouebat·

276 3819 423 3886 Domana·
444 3843 489 3886 aa
510 3819 716 3900 moriantur,
740 3822 825 3886 sicut
854 3822 890 3885 in
920 3821 1035 3887 eodem
1058 3821 1142 3888 libro
1166 3825 1324 3912 scriptum

277 3923 509 4004 est3fi1miter
534 3923 720 3989 inhibemus
743 3945 785 3988 ne
816 3924 973 4008 quiquam
999 3924 1183 3990 beneficiati
1206 3926 1260 3993 vel
1289 3929 1326 3993 in

277 4027 376 4092 sacris
404 4025 574 4092 ordinibus
604 4025 787 4102 constituti,
811 4027 881 4091 sint
905 4026 1023 4092 ebriosi
1047 4049 1105 4092 seu
1129 4028 1236 4114 gulosi
1267 4035 1326 4095 aut

277 4128 432 4194 tabernas
462 4133 658 4208 exercentes,
690 4150 732 4194 ne
754 4133 859 4194 morte
888 4132 1020 4208 aeterna,
1044 4132 1222 4196 secundum
1244 4131 1326 4218 legis

277 4233 562 4297 comminationem
571 4230 592 4311 ⁴,
624 4231 826 4313 moriantur;
864 4231 921 4297 sed
951 4237 1029 4297 actu
1059 4232 1269 4301 abstinentiae
1291 4241 1326 4301 et

312 4598 423 4664 ἰὼ]
442 4615 492 4651 om.
504 4598 558 4651 sia
860 4597 974 4666 Ἴωσι]
991 4615 1041 4650 om.
1053 4598 1115 4660 sie,
1126 4600 1216 4654 ΟΜ.

859 4678 869 4707 ‘
885 4678 1318 4747 meeumjoontumoiom

309 4755 443 4824 'pollffl
462 4756 593 4822 pollutum,
605 4755 704 4818 0.0.(l.‚
716 4756 766 4810 0¹.
827 4755 880 4811 Sid.
