3500 5784
419 838 484 903 106
752 856 900 904 aoanarr
922 856 1151 906 oaossnrnsrn

252 1030 406 1097 maheng
463 1025 549 1091 Cum
586 1028 691 1115 igitur
719 1028 899 1095 secumdum
930 1034 1077 1095 tenorem
1105 1030 1289 1119 praecripti
1261 1029 1462 1097 tmaudati

251 1107 375 1231 iosflss
417 1126 574 1245 praefptus
606 1131 708 1196 abbas
739 1132 964 1197 constituatur
992 1132 1194 1217 justitiarius
1228 1132 1388 1199 itinerans
1418 1134 1461 1199 ad

249 1240 305 1282 rure
315 1236 365 1283 ane
417 1232 528 1296 omnia
556 1232 679 1318 placita
714 1234 813 1320 regia,
848 1235 877 1299 ai
909 1235 997 1300 idem
1029 1234 1132 1299 abbas
1165 1236 1321 1321 suscipiat
1356 1236 1392 1301 in
1427 1258 1461 1301 se

248 1300 404 1417 poppe
416 1332 605 1418 hujusmodi
627 1356 711 1399 onus
728 1335 930 1420 justitiariae,
952 1337 1105 1424 suscipiet
1128 1336 1278 1415 officium,
1303 1336 1460 1419 statum¹,

249 1432 373 1497 bisthops
416 1441 451 1500 et
472 1441 671 1521 potestatem
695 1438 826 1523 judicis,
850 1439 992 1505 etiam'
982 1462 1019 1504 rn
1048 1440 1154 1505 causis
1178 1440 1349 1527 sanguinis
1376 1441 1461 1507 deci

248 1502 380 1617 lilinum
410 1536 537 1603 dandis
584 1539 697 1604 Sed
672 1562 700 1604 sr
722 1562 790 1604 non
811 1540 890 1605 licet
912 1541 1010 1607 alicui
1034 1541 1175 1607 officium
1190 1564 1248 1608 seu
1262 1548 1459 1629 potestatem

249 1632 292 1682 1¹¹
302 1632 346 1682 kin
330 1640 613 1705 1ιεῐῡοιιιιιιιιιιιιιι
650 1646 710 1707 aut
746 1642 980 1729 delegatam
971 1666 1007 1707 m
1045 1666 1079 1709 se
1111 1645 1279 1731 suscipere,
1311 1646 1363 1711 cui
1393 1668 1459 1711 non

247 1699 377 1817 stiffi
413 1744 491 1809 licet
526 1726 673 1830 ejusdem
710 1744 808 1811 officii
844 1767 902 1811 seu
939 1746 1114 1831 potestatis
1144 1752 1254 1813 actum
1292 1768 1460 1830 exercere3

247 1834 312 1883 dm·
413 1846 518 1932 liquet
555 1846 643 1933 quod
681 1846 869 1964 hujusmodi
906 1847 1004 1915 officii
1041 1870 1100 1915 seu
1140 1850 1314 1935 potestatis
1352 1850 1388 1915 in
1425 1873 1460 1917 sc

414 1950 584 2037 susceptio,
619 1950 710 2015 omni
743 1952 868 2029 clerico,
901 1951 1023 2016 nedum
1061 1952 1174 2017 abbati
1213 1950 1336 2017 ordinis
1370 1952 1459 2019 beati

414 2051 594 2129 Benedicti,
618 2057 669 2117 est
690 2052 826 2133 illicita;
848 2074 910 2118 neo
931 2058 1106 2119 excusatur
1128 2054 1258 2141 aculpa
1279 2054 1358 2121 licet
1370 2078 1459 2121 more

412 2154 511 2219 solito
533 2158 649 2240 surgat
671 2155 711 2220 de
733 2156 809 2221 sede
837 2154 970 2239 judicis,
993 2156 1151 2242 quando²
1184 2158 1220 2223 in
1254 2178 1353 2223 causa
1384 2180 1458 2223 sarr-

412 2257 524 2341 guinis
545 2255 738 2343 proferenda
772 2263 823 2323 est
853 2258 1021 2325 sententia
1053 2260 1335 2327 condemnationis
1347 2286 1355 2341 ;
1376 2284 1459 2349 prae·
1507 2280 1508 2285 ’

411 2360 527 2423 sertim
557 2380 631 2423 cum
664 2360 741 2423 talis
774 2361 931 2426 surrectio
970 2360 1104 2427 evidens
1142 2361 1186 2426 sit
1222 2363 1310 2449 apud
1348 2385 1460 2429 omncs

412 2460 572 2527 indicium
594 2453 875 2547 qucd'accuaatus
898 2463 1020 2550 absque
1049 2464 1283 2531 retractatione
1313 2478 1458 2553 reporta-

411 2568 508 2629 turus
529 2564 575 2628 sit
596 2563 880 2629 condemnationis
897 2565 1080 2651 judicium3
1111 2571 1145 2632 et
1176 2567 1222 2632 sic
1251 2566 1328 2632 talis
1353 2568 1459 2654 judex

412 2668 563 2753 quamvis
583 2654 736 2744 nonore,
761 2672 873 2733 tamen
908 2689 1004 2756 opere
1037 2669 1277 2755 quodammodo
1308 2677 1458 2759 exerceat

407 2770 570 2855 judicium
591 2770 760 2857 sanguinis
790 2775 825 2836 et
854 2768 1016 2837 efficiatur
1049 2772 1091 2837 de
1125 2772 1326 2860 principibus
1358 2774 1459 2841 Sodc

374 2926 381 2942 .
412 2896 550 2954 morum,
573 2874 693 2961 quibus
711 2874 892 2960 exprobrat
906 2873 1066 2960 propheta
1088 2874 1175 2959 quod
1190 2896 1319 2941 cacam
1340 2898 1458 2943 eccam

411 2974 583 3061 sarmatae
607 2976 720 3062 ptem
748 2982 840 3042 aaut.
886 2975 1052 3041 Praeterea
1082 2977 1259 3042 secundum
1290 2982 1458 3047 canonicas
1583 3027 1595 3050 s

410 3080 594 3144 sanctiones
632 3090 667 3145 et
705 3077 928 3143 Conciliorum
965 3078 1225 3160 constitutiones,
1260 3082 1344 3147 nulli
1381 3082 1459 3151 licet

411 3181 599 3247 clericorum
616 3180 864 3266 jurisdictiones
884 3180 1046 3245 seculares
1068 3182 1129 3247 sub
1152 3182 1316 3268 aliquibus
1337 3185 1459 3271 princi·

411 3283 508 3371 pibus
531 3288 566 3349 et
599 3283 799 3347 secularibus
820 3282 912 3362 viris,
944 3286 983 3347 ut
1012 3282 1189 3369 justitiarii
1209 3307 1331 3351 eorum
1363 3287 1458 3369 fiant,

413 3406 563 3451 exercere
574 3411 583 3465 3
605 3389 640 3449 et
655 3382 706 3449 8ει
720 3384 793 3470 quis
810 3385 1002 3450 clericorum
1024 3392 1139 3451 contra
1160 3386 1221 3453 hoe
1243 3388 1355 3454 venire
1377 3412 1458 3477 prue-

411 3488 595 3574 sumpserit,
611 3488 654 3552 ab
677 3486 894 3553 ecclesiastico
916 3488 1100 3553 ministerio
1123 3488 1194 3555 fieri
1210 3491 1308 3556 debet
1322 3492 1456 3574 alienus,

410 3589 578 3677 religiosis,
625 3588 653 3653 si
698 3611 779 3654 ausu
830 3590 1007 3655 temerario
1061 3589 1121 3655 hoo
1173 3596 1456 3680 attemptaverint,

410 3691 591 3757 districtius
612 3690 797 3778 puniendis.
828 3692 914 3760 Cum
935 3690 1040 3779 igitur
1061 3714 1129 3757 non
1151 3696 1256 3760 solum
1279 3698 1456 3765 secundum
1551 3758 1553 3761 .

406 3794 483 3879 jura
531 3792 655 3871 divina
701 3794 819 3879 quibus
864 3793 1074 3861 interdicitur
1118 3796 1341 3863 militantibus
1386 3800 1456 3867 Deo

408 3896 605 3961 secularibus
642 3896 783 3981 negotiis
816 3896 1020 3983 implicati03
1054 3896 1111 3963 sed
1144 3899 1245 3965 etiam
1278 3903 1456 3971 secundum

404 3998 483 4085 jura
516 3998 671 4063 canonica
693 4001 740 4063 ¹et
771 4004 888 4064 votum
922 3998 1130 4087 professionis
1165 4004 1355 4071 monasticae
1389 4008 1458 4073 sint

408 4101 553 4167 maxime
585 4099 761 4178 monachis,
795 4100 945 4181 officium,
975 4102 1171 4188 jurisdictio
1194 4115 1228 4171 et
1262 4108 1455 4196 exercitium

408 4202 597 4291 hujusmodi
629 4202 823 4287 justitiarius
861 4205 995 4270 omnino
1039 4204 1164 4284 illicita,
1211 4229 1249 4273 ac
1293 4232 1351 4297 per
1394 4212 1456 4281 hoc

408 4307 542 4387 coactio,
574 4304 757 4393 praeceptio,
791 4327 973 4387 consensus,
1007 4312 1042 4373 et
1079 4308 1297 4377 dissimulatio
1336 4314 1454 4383 talium

442 4642 450 4673 ¹
466 4642 569 4706 stom]
583 4656 633 4691 our·
645 4640 745 4702 C.C.C.‚
758 4640 807 4693 Ox.
990 4643 1000 4671 ⁸
1016 4642 1052 4709 si]
1071 4658 1120 4694 om.
1133 4643 1222 4697 (bc-C.

441 4720 451 4750 ¹
465 4719 576 4787 quando]
594 4734 660 4781 cum,
671 4718 724 4771 sid.
