3500 5784
658 865 836 916 nrrsrosn
960 838 964 847 ’
1204 850 1270 914 803

226 1060 345 1129 pensae
366 1040 518 1127 ejusdem,
533 1039 586 1105 vel
608 1060 685 1105 non.
717 1040 824 1106 Novit
845 1042 958 1105 autem
977 1042 1089 1104 vestra
1110 1037 1270 1116 dmmetio,

226 1146 315 1231 quod
348 1144 526 1211 seeundum
546 1143 814 1231 philosophorum
846 1141 1057 1209 assertionem
1090 1140 1272 1207 consiliatio

227 1249 379 1314 consistit
399 1248 437 1313 in
458 1246 615 1336 prudenti
637 1247 815 1313 secundnm
845 1244 1122 1333 probabilissimas
1149 1244 1272 1329 conjec-

226 1355 321 1416 turas
345 1350 610 1438 investigatione,
640 1356 675 1415 et
696 1348 932 1416 adinventione
955 1348 1173 1433 electioneque
1207 1346 1272 1413 viae

228 1474 303 1539 quae
349 1452 505 1519 directius
541 1452 766 1538 efficaciusque
797 1452 890 1517 ducit
922 1450 966 1517 ad
1002 1450 1102 1516 finem
1148 1448 1274 1535 aliquid

227 1554 352 1620 bonum
380 1554 434 1622 vel
465 1556 629 1642 optimum
658 1554 886 1642 propositum:
909 1553 986 1619 finis
1016 1557 1128 1619 autem
1159 1572 1274 1639 propo·

227 1656 312 1722 situs
333 1662 368 1723 et
400 1658 553 1724 intentus
583 1658 722 1745 proprie,
756 1655 989 1745 principaliter,
1011 1659 1048 1722 et
1077 1655 1221 1721 maxime
1254 1672 1275 1719 a

227 1757 429 1826 constituto¹
452 1758 490 1825 in
511 1760 684 1848 episcopali
705 1758 817 1837 officio,
841 1760 928 1825 salus
950 1763 1002 1825 est
1023 1762 1148 1827 oemrna
1162 1758 1274 1824 ovium

227 1883 249 1927 a
280 1868 411 1949 pastore
441 1884 569 1929 summo
592 1862 736 1929 Domino
765 1862 847 1929 Jesu
881 1862 1013 1929 Christo
1050 1880 1137 1929 eurae
1172 1860 1275 1949 ipsius

228 1966 482 2031 commissarum.
527 1965 652 2032 Nostra
687 1964 791 2053 igitur
823 1964 1015 2042 consiliatio,
1051 1962 1104 2030 vel
1137 1961 1275 2046 alicujus

227 2069 354 2134 vernois
387 2052 604 2135 consiliatoris
634 2068 739 2135 altera
770 2088 840 2134 esse
872 2088 940 2134 non
973 2066 1104 2154 poterit,
1137 2065 1202 2131 nisi
1224 2070 1272 2145 ut,

228 2168 438 2236 consueram
474 2168 667 2257 utrimqne⁹
696 2171 875 2237 secundum
905 2169 1116 2235 rationabiles
1150 2170 1275 2255 conjec-

229 2276 323 2338 turas
358 2272 588 2351 accidentibus,
626 2272 686 2337 illa
729 2274 865 2339 tandem
902 2292 978 2359 pars
1023 2272 1172 2359 eligatur,
1201 2291 1275 2356 quae

228 2375 407 2441 seeundum
443 2376 547 2463 magis
582 2374 792 2441 rationabiles
840 2374 1135 2461 conjecturationes
1171 2376 1276 2461 magis

228 2478 384 2565 expedire
413 2478 547 2544 videtur
577 2478 676 2544 saluti
709 2479 893 2544 animarum
927 2498 1014 2545 curse
1037 2482 1156 2545 vestrae
1189 2498 1276 2543 eom·

227 2580 409 2658 mimarum
453 2602 512 2646 seu
555 2581 666 2667 potius
710 2579 904 2668 simpliciter
939 2580 1041 2647 saluti
1086 2580 1275 2646 animarum.

230 2680 315 2748 Tota
334 2682 438 2769 igitur
459 2682 643 2749 consiliatio
664 2683 701 2747 in
734 2684 796 2749 hac
816 2686 911 2771 parte
933 2704 976 2747 ex
1007 2682 1068 2747 hoc
1102 2682 1273 2769 dependet,

229 2788 269 2850 nt
290 2785 446 2851 videlieet
467 2784 723 2871 exquisitissime
755 2786 982 2873 investigetur,
1007 2790 1169 2872 quantum
1201 2784 1274 2851 fieri

230 2888 352 2973 poterit
383 2888 561 2955 secundum
596 2888 806 2954 rationabiles
842 2888 1052 2975 conjecturas,
1085 2892 1199 2954 utrum
1235 2906 1278 2954 ex

230 2996 341 3056 restro
376 2990 521 3057 transitu
558 3008 633 3056 cum
670 2988 837 3077 praedictis
868 2990 1118 3071 conditionibus,
1150 2990 1205 3057 vel
1235 3012 1278 3056 ex

231 3098 342 3159 vestra
363 3112 456 3159 mora
479 3114 554 3159 oum
573 3096 704 3159 vestrae
726 3114 812 3160 curae
843 3093 1022 3159 commissis
1054 3094 1171 3160 ovibus
1204 3093 1278 3181 plus

230 3194 386 3262 videatur
406 3195 550 3261 accidere
571 3195 659 3261 salus
681 3196 871 3261 animarum.
920 3196 1004 3263 Oum
1030 3196 1131 3283 igitur
1164 3200 1278 3262 nostra

231 3298 267 3361 in
298 3296 421 3362 talibus
451 3298 691 3384 inexperientia
723 3299 848 3364 nesciat
882 3299 958 3363 hino
991 3300 1069 3364 inde
1100 3298 1277 3365 secundum

231 3398 416 3485 probabiles
446 3399 646 3486 conjecturae
677 3400 858 3465 accidentia
890 3401 1071 3488 prudenter
1103 3402 1247 3468 conicere
1255 3399 1280 3483 ἦ

231 3522 338 3587 neque
368 3501 461 3584 forte,
498 3502 627 3568 etiamsi
664 3502 740 3569 hino
769 3503 846 3569 inde
881 3504 1058 3571 secundum
1095 3504 1279 3590 probabiles

232 3602 435 3690 conjectamus
471 3602 584 3670 firtura
613 3603 766 3671 sciremus
803 3604 979 3687 conicere³,
1018 3612 1128 3673 nosset
1164 3611 1277 3673 nostra

232 3705 457 3794 imprudentia
492 3706 671 3795 prudenter
714 3708 895 3795 prospicere
940 3729 1013 3795 quse
1051 3731 1093 3776 ex
1137 3715 1279 3797 ‚utruque

232 3814 326 3895 parte
359 3808 540 3875 accidentia
569 3809 644 3897 plus
673 3810 865 3878 viderentur
900 3812 1144 3879 rationabiliter
1180 3813 1280 3882 saluti

233 3912 418 3977 animarum
449 3912 616 3995 conferre;
647 3910 790 4000 qualiter
823 3935 989 4001 possemus
1022 3914 1059 3981 in
1092 3915 1153 3982 hac
1187 3922 1280 4005 parte

233 4014 329 4081 vobis
351 4016 523 4083 ecnsssium
551 4017 653 4082 daret
698 4016 785 4098 Quia
815 4022 925 4084 autem
947 4040 1006 4085 vos
1041 4019 1124 4086 sicut
1157 4024 1192 4087 et
1220 4044 1280 4089 nos

234 4118 473 4185 desideramus*
509 4119 545 4185 in
582 4120 733 4187 omnibus
769 4142 922 4209 prospere
959 4126 994 4187 et
1031 4142 1105 4207 quae
1142 4124 1279 4190 Domini

234 4226 367 4308 accepta
401 4225 481 4288 sunt
513 4220 680 4288 voluntati
710 4244 872 4311 peragere,
908 4223 936 4289 si
969 4230 1081 4291 vestra
1111 4246 1278 4313 possemus

268 4582 277 4613 ¹
295 4582 385 4636 0.0.C.
395 4584 486 4637 inserts
496 4592 526 4635 et
816 4585 826 4615 ⁴
841 4582 1017 4652 desideremus]
1056 4586 1247 4651 consideramus,

268 4662 425 4731 ἀιήηιφιο]
443 4672 582 4729 utrumque,
594 4662 683 4716 coc.
784 4662 876 4717 C.O.(l.

269 4741 280 4771 ¹
294 4743 415 4811 malem]
433 4744 572 4807 convisere,
582 4743 672 4798 (20.ss
