3500 5784
489 844 554 908 390
810 854 958 905 aosaari
981 853 1213 906 saossrrnsra

321 1050 384 1104 Gen
397 1051 412 1100 i.
428 1052 465 1102 ii.
489 1038 524 1099 et
551 1034 661 1099 stelles
695 1032 868 1112 illuminat,
902 1036 941 1097 ot
971 1032 1008 1096 in
1040 1031 1112 1115 ejus
1144 1031 1294 1097 absentia
1327 1030 1461 1099 limem
1492 1031 1541 1097 ior

495 1134 717 1223 fimnaiiieiito
750 1134 832 1213 eoelo',
855 1139 890 1200 et
914 1132 1107 1199 illuminent
1134 1138 1279 1213 terrom3
1311 1134 1446 1221 ipsoque
1470 1133 1541 1201 sole

491 1243 676 1305 revertente
699 1244 734 1303 et
747 1258 840 1303 suem
864 1236 1041 1301 exhibente
1062 1236 1272 1323 praesentiem
1292 1240 1539 1323 superterram,

491 1342 562 1429 ipso
592 1341 720 1405 minora
752 1338 929 1405 luminaria
960 1338 1063 1405 radiis
1093 1338 1169 1405 solis
1200 1337 1413 1405 abscondita¹
1436 1338 1539 1405 solari

325 1466 479 1531 otnerope
492 1445 613 1511 eadunt
627 1442 754 1509 lumini.
800 1442 855 1507 Ita
871 1441 1024 1507 dominus
1039 1442 1139 1529 Papa,
1153 1446 1303 1529 respectu
1316 1442 1408 1529 enjus
1422 1462 1538 1507 omnes

327 1534 447 1649 imm
493 1546 551 1613 alii
588 1544 718 1633 praelati
759 1550 837 1610 sunt
870 1544 957 1609 sieut
986 1543 1067 1609 luna
1111 1550 1147 1610 et
1179 1544 1293 1624 stellae,
1324 1544 1539 1630 suscipientes

327 1616 480 1730 l'if'eoiaope
493 1648 536 1715 ab
558 1649 629 1735 ipso
652 1646 808 1733 quioquid
830 1646 954 1713 iasone
984 1647 1156 1732 pomis
1188 1647 1231 1711 oi
1262 1646 1537 1711 illuminationem

495 1757 529 1819 et
550 1750 793 1837 vegetationem
827 1749 977 1831 eoolesiae,
1013 1770 1106 1814 suam
1139 1748 1275 1815 exbibet
1304 1748 1539 1835 praesentiam

495 1854 597 1941 ipsius
618 1858 669 1919 est
690 1851 862 1939 potestatis
876 1873 945 1917 sure
966 1850 1166 1938 pmoeniion
1186 1851 1317 1917 intuitu
1337 1851 1445 1916 omnis
1457 1851 1539 1917 meli

496 1954 645 2023 tenebrae
691 1954 855 2041 dissipare,
901 1954 1071 2039 omnisque
1107 1953 1186 2019 boni
1229 1953 1402 2020 seminaria
1438 1956 1539 2039 atque

496 2059 659 2146 planterio
690 2056 863 2123 confovere
895 2062 930 2121 et
959 2059 1119 2143 vegetere,
1149 2056 1222 2123 aliis
1252 2056 1473 2143 potestatibus
1501 2056 1539 2121 in

496 2161 566 2248 ejus
596 2160 768 2247 praesentia
799 2160 845 2224 sio
876 2158 940 2224 sibi
971 2158 1171 2237 eadentibm,
1203 2163 1243 2223 nt
1270 2159 1358 2225 lunoe
1389 2164 1425 2223 et
1461 2158 1539 2225 stel-

495 2263 601 2327 larum
636 2261 763 2327 lumina
785 2261 909 2327 cedunt
939 2260 1039 2326 radiis
1070 2260 1237 2327 solaribus
1281 2261 1442 2328 Similiter
1463 2282 1539 2327 oum

496 2362 657 2451 quilibet⁹
688 2363 864 2451 episeopus,
900 2363 976 2429 lieet
1013 2369 1161 2450 respectu
1197 2362 1322 2429 domini
1359 2364 1458 2452 Papio
1494 2365 1542 2430 sit

497 2466 580 2533 siout
602 2488 705 2531 unum
728 2466 768 2531 de
790 2464 1206 2544 noctuinisluminsribus,
1222 2467 1267 2533 sit
1287 2471 1401 2533 tamen
1421 2468 1459 2533 in
1479 2489 1543 2533 sna

498 2568 629 2635 dioeoesi
652 2568 738 2634 siout
758 2568 805 2633 sol
827 2568 951 2655 ipsius3
973 2572 1008 2635 et
1037 2568 1204 2633 inferiores
1225 2567 1356 2657 praelati
1376 2571 1439 2636 sub
1460 2570 1540 2657 ipso,

499 2673 556 2758 qui
580 2675 775 2759 potestatem
806 2692 907 2755 quam
940 2670 1065 2737 habent
1096 2670 1345 2737 eoelesiastieam
1376 2671 1543 2758 recipiunt

499 2774 642 2860 abipso,
666 2773 791 2839 sintin
814 2773 885 2859 ejus
918 2772 1116 2859 praesentia³
1137 2773 1223 2839 siout
1254 2774 1336 2839 luna
1368 2781 1404 2840 et
1434 2775 1542 2841 stellis

332 2877 435 2955 eosne
496 2878 539 2943 ed
576 2875 831 2943 illuminandum
867 2877 903 2939 in
940 2876 1081 2963 episeopi
1117 2876 1274 2953 absentia,
1312 2878 1372 2943 ubi
1408 2885 1543 2965 propter

331 2942 435 3059 mi
497 2978 678 3045 absentiem
700 2976 801 3044 solis⁴
822 3000 891 3043 non
912 2982 1021 3064 potest
1053 2978 1302 3063 presentialiter
1335 2980 1446 3045 lumen
1467 2980 1542 3045 doc-

280 3142 287 3164 ,
331 3074 446 3191 ξζᾞ
497 3082 594 3147 trine
615 3086 650 3146 et
672 3079 850 3167 disciplinae
865 3079 1087 3146 eeclesiastiee
1109 3080 1282 3145 exhibere:
1299 3081 1360 3146 ubi
1374 3080 1544 3168 episeopus

333 3206 437 3259 diocese.
499 3204 591 3248 suain
627 3182 762 3249 exhibet
798 3183 1017 3270 praesentiam,
1054 3202 1122 3249 sirie
1154 3182 1328 3269 potestatis
1355 3184 1542 3251 diffundere

498 3284 595 3351 debet
631 3284 875 3351 irradiationem
912 3284 956 3349 ad
999 3283 1137 3351 malitie
1184 3284 1341 3371 cujusque
1388 3286 1543 3354 tenebras

498 3388 693 3475 purgendes,
728 3394 763 3452 et
792 3387 936 3451 virtutes
973 3385 1198 3465 eonfovendas
1235 3388 1479 3477 promerendas,
1506 3395 1544 3455 et

497 3488 775 3571 consummandas,
799 3488 1007 3554 inferioribus
1028 3488 1250 3574 potestatibus
1270 3494 1377 3556 totam
1408 3491 1544 3559 interim

498 3591 703 3677 negotiorum
725 3589 1038 3657 eeclesiastioorum³
1061 3590 1306 3677 dispositionem
1336 3592 1407 3658 sine
1439 3592 1544 3659 rebel·

333 3702 364 3819 ἃ
369 3704 452 3819 12¹}ss
500 3692 623 3758 latione
667 3692 697 3757 ei
742 3692 881 3759 liberam
918 3692 1193 3778 permittentibus.
1249 3693 1453 3761 Admiranda
1490 3715 1544 3760 res

332 3834 481 3953 iiiii
500 3793 883 3977 bilbili,
904 3796 1546 3984 isffionilnbuiaffilffi

333 3970 490 4087 ffifflff
501 4005 535 4066 et
558 3998 670 4077 stellae,
695 3999 774 4084 quia
802 3999 850 4063 eis
881 3999 1135 4066 eommunieavit
1164 3998 1207 4066 de
1236 4021 1295 4066 suo
1325 3999 1473 4067 lumine⁰
1507 4002 1545 4070 in

333 4102 417 4219 :ffin
501 4101 742 4167 illuminatione
771 4101 885 4177 noetis,
918 4120 956 4166 eo
985 4101 1129 4183 absente,
1150 4102 1329 4168 radiotioni
1359 4104 1469 4191 ipsius
1500 4126 1545 4171 ns

418 4184 456 4237 ⁸²
503 4208 625 4270 terram
670 4203 858 4280 illustrarat,
904 4208 1100 4269 sonarentur
1143 4204 1319 4284 obsistere;
1384 4210 1545 4292 tanquam

506 4428 1118 4437 --——--.—-—-·-.-—--—-——-——.—.-.
1127 4431 1213 4438 .———
1226 4432 1257 4437 -.-
1267 4432 1384 4439 -φ--ο-

536 4588 542 4617 ¹
560 4586 713 4653 atomio]
730 4586 887 4647 immunes
899 4587 971 4639 min.
1083 4593 1092 4622 ⁴
1108 4588 1180 4656 aar]
1197 4604 1247 4640 om.
1258 4589 1463 4658 remees„
1475 4591 1527 4645 om

534 4665 670 4733 ²qriilibet]
690 4666 787 4733 quibus,
809 4664 899 4718 c.c.c.
1081 4668 1195 4720 ¹C.C.C.
1207 4667 1350 4721 inserts&

534 4746 703 4813 'ererum
721 4744 943 4811 reomao-C·
1080 4746 1206 4821 Ἰήιε]
1224 4748 1357 4805 omitia
