3500 5784
449 820 492 884 56
775 836 923 887 nonnam
944 836 1173 887 eaossurmra

448 1011 487 1072 ut
520 1006 556 1071 in
591 1007 722 1075 ecclesia
745 1010 935 1078 Cantuariae
969 1034 1089 1077 munus
1126 1008 1377 1077 consecrationis
1412 1008 1495 1075 mibi

448 1109 635 1196 impendere
656 1110 791 1193 velitis;
814 1114 932 1180 melius
963 1120 1014 1181 est
1045 1114 1135 1180 enim
1167 1114 1289 1179 ibidem
1318 1111 1497 1179 consecrari

448 1234 521 1277 curn
555 1214 768 1306 quantolibet
799 1237 910 1281 rerum
941 1217 1172 1305 temporalium
1194 1216 1373 1305 dispendio,
1397 1236 1497 1301 quam

446 1312 528 1379 alibi
558 1335 633 1379 eum
665 1316 872 1401 quantolibet
904 1338 1014 1385 rerum
1040 1317 1271 1406 temporalium
1293 1316 1494 1403 compendio,

446 1414 603 1502 adjuncto
628 1416 758 1503 fratris
787 1418 937 1506 aptot,
968 1444 1034 1507 pro
1063 1442 1131 1507 quo
1154 1418 1311 1487 maltam
1339 1424 1496 1486 muna

446 1524 499 1599 eat,
523 1518 736 1605 offendicula,
759 1542 833 1587 cum
857 1522 1020 1589 Veritatis
1049 1544 1128 1589 voce
1153 1527 1317 1588 testante:
1359 1520 1417 1587 Va
1447 1517 1495 1585 eit

280 1616 353 1649 ¹'¹·
383 1638 389 1651 ·
447 1619 584 1687 bomini
621 1620 700 1688 pap
736 1646 799 1709 per·
836 1646 936 1712 quern
973 1624 1180 1693 eamdem
1215 1623 1315 1691 venit.
1395 1621 1423 1687 F
1424 1628 1496 1689 olle

278 1952 303 2003 S.
312 1952 366 2005 dae.
378 1952 415 2003 iii.

280 2024 318 2071 17.

276 2760 318 2813 Pa.
333 2765 421 2816 cxviii.

275 2834 316 2879 2⁴.

248 2948 251 2959 ,
279 2902 289 2944 l
305 2896 361 2949 Cor.
377 2899 431 2953 viii.

279 2968 317 3014 1³.

445 1724 548 1809 aliqui
579 1724 711 1791 meruli
742 1724 910 1813 sopientes
940 1726 1026 1793 banc
1056 1749 1164 1795 meam
1192 1724 1495 1815 persuasionem,si

446 1826 602 1891 audirent
621 1826 737 1909 illam,
776 1834 972 1917 reputarent
1017 1830 1198 1917 simplicem
1241 1825 1324 1895 aut²
1360 1827 1493 1893 fatuam.

446 1928 511 1994 Sed
534 1928 629 1994 credo
651 1930 739 2017 quod
762 1930 937 2019 sapientie
958 1954 1033 2019 quoa
1054 1932 1095 1998 de
1120 1952 1263 1999 ameum
1284 1937 1331 1996 cet
1362 1934 1496 2017 reputat

444 2052 516 2097 eam
560 2032 705 2097 validam
749 2034 793 2099 ad
837 2034 1036 2100 movendum
1071 2056 1201 2100 omnem
1245 2033 1393 2098 animum
1430 2031 1494 2097 Dei

444 2134 563 2199 timore
581 2135 752 2222 repletum,
770 2139 804 2200 et
827 2140 926 2223 prout
941 2140 1073 2224 oportet
1095 2141 1266 2203 caventem
1288 2135 1495 2214 scandalum3

443 2236 509 2301 nisi
530 2236 614 2302 forte
637 2259 711 2303 mea
733 2238 931 2304 consecratio
954 2238 1066 2324 aliqua
1079 2238 1208 2305 ratione
1230 2261 1303 2324 quae
1325 2260 1378 2304 mc
1401 2237 1492 2314 latet,

443 2356 511 2404 non
532 2340 636 2427 possit
667 2340 739 2405 fieri
774 2341 809 2406 in
841 2341 975 2407 ecclesia
997 2340 1185 2408 Cantuariae
1208 2340 1331 2427 absque
1353 2344 1493 2427 peceato.

444 2438 498 2506 Sit
542 2442 645 2529 igitur
689 2440 726 2506 in
769 2441 831 2508 bac
876 2449 979 2531 parte,
1016 2450 1112 2531 pater
1155 2442 1424 2509 reverendissime
1460 2448 1496 2508 et

442 2544 674 2623 amantissime,
699 2546 871 2611 consilium
895 2551 1043 2611 veetmm
1076 2550 1111 2611 et
1131 2568 1250 2625 meum,
1273 2567 1342 2612 non
1367 2544 1492 2631 justifi-

441 2645 587 2711 cationes
609 2645 787 2726 hominum,
812 2648 867 2713 sed
890 2646 973 2713 illud
1004 2649 1044 2712 de
1073 2669 1139 2735 quo
1161 2648 1309 2734 quotidie
1331 2647 1492 2713 dicimus:

445 2747 489 2813 Ec
531 2747 718 2816 cornilione
763 2771 881 2817 ouum
915 2748 1179 2837 joetificota‘onea
1216 2758 1312 2832 tom
1347 2754 1381 2815 et
1418 2770 1493 2815 con-

444 2850 604 2931 similiter,
637 2851 768 2931 dicenti,
800 2851 844 2920 St
866 2873 939 2919 eaeo
960 2850 1169 2919 ewndolizet
1195 2852 1345 2940 fratrem
1364 2873 1491 2935 mm,

444 2976 517 3021 noo
549 2954 763 3021 moanlacobo
801 2976 940 3022 coenem
975 2954 1019 3022 io
1057 2963 1230 3035 aternum
1268 2978 1312 3025 ne
1341 2956 1492 3043 frement

443 3078 558 3125 ane-ura
590 3058 830 3140 scandalizent,
866 3058 1012 3125 dieamus
1052 3064 1086 3124 et
1123 3081 1190 3139 nos,
1224 3060 1252 3124 si
1292 3058 1492 3126 consecratio

442 3167 565 3239 nostra,
597 3161 698 3227 vestri
733 3160 890 3227 videlicet
917 3163 1137 3227 consecrantis
1171 3166 1206 3227 et
1235 3161 1301 3227 mei
1330 3183 1493 3227 consona

442 3260 571 3328 tionis³
603 3286 723 3329 munus
757 3264 973 3352 suscipientis,
1009 3263 1090 3330 alibi
1128 3264 1292 3330 celebrata
1323 3286 1422 3350 quam
1454 3264 1492 3329 in

442 3366 574 3433 ecclesia
613 3366 802 3434 Cantuariae
847 3368 1048 3433 scandalizat
1093 3368 1211 3433 fratres
1248 3371 1384 3445 nostroe,
1423 3387 1489 3432 non

441 3468 659 3537 celebrabitur
681 3470 762 3537 alibi
785 3472 985 3537 consecratio
1014 3472 1051 3535 in
1073 3476 1242 3549 aeternum,
1275 3469 1341 3536 ne⁴
1374 3470 1490 3536 fratrea

441 3578 569 3639 nostros
584 3570 867 3640 scandalizemus⁵.
915 3572 1080 3640 Oaeterum
1095 3574 1180 3640 illud
1203 3573 1291 3661 quod
1313 3572 1490 3639 audivistis
1619 3598 1625 3605 ·

441 3675 515 3757 diei,
540 3677 628 3763 quod
659 3677 792 3764 quidam
828 3677 868 3742 de
902 3676 954 3741 bis
985 3675 1044 3763 qui
1075 3676 1210 3743 fuerunt
1241 3698 1368 3742 meeum
1400 3674 1490 3762 apud

442 3778 659 3846 Cantuariam
674 3776 812 3845 dixerit⁶
828 3779 928 3846 verba
943 3801 1058 3866 aspera
1072 3779 1249 3861 monachis,
1261 3778 1490 3845 comminando

441 3884 529 3971 quod
551 3884 618 3949 illie
639 3884 758 3949 invitis
779 3882 860 3949 alibi
883 3904 1093 3965 oonsecrarer,
1116 3885 1210 3950 credo
1239 3884 1399 3951 veraciter
1420 3905 1489 3950 esee

440 3988 659 4075 figmentum
689 3988 823 4053 fuerunt
855 3988 951 4066 enim,
985 3986 1043 4072 qui
1074 4009 1200 4053 mecum
1230 3989 1385 4069 aderant,
1423 3986 1508 4053 viri

442 4093 537 4159 valde
559 4092 687 4181 pacifici
709 4098 744 4159 et
767 4092 908 4171 discreti,
933 4092 990 4179 qui
1009 4114 1134 4159 mecum
1158 4092 1358 4159 humillimas
1380 4112 1490 4180 preces

441 4200 607 4265 monachis
629 4198 823 4265 effuderunt.

977 4400 1059 4407 ..η-..-
1078 4396 1487 4411 --0-——00-—0-2—0——0—22

473 4505 479 4533 ¹
499 4504 548 4573 illc]
567 4522 616 4557 om.
627 4507 678 4559 S'd.
1023 4509 1032 4538 a
1048 4508 1090 4575 ac]
1109 4524 1165 4571 nec,
1177 4508 1275 4571 C.O.C„
1288 4508 1337 4562 Ox.

472 4586 556 4653 πιω]
576 4596 607 4647 et,
620 4586 672 4639 Sid.
1021 4584 1250 4656 ‘scandalizemuq
1277 4584 1459 4642 scandalizare·

473 4665 697 4733 'munerationiaJ
748 4666 936 4727 obsecrationis,
987 4682 1052 4729 mus,
1063 4667 1154 4720 ΟΜ).

436 4744 528 4799 C.G.C.
1021 4750 1031 4777 ⁸
1047 4746 1150 4814 dixerit]
1163 4748 1238 4811 dixit,
1252 4749 1305 4802 sid.
