3500 5784
434 834 502 899 152
756 852 904 901 nonnam
927 850 1157 901 uuossmasra

435 1025 609 1093 admittere
623 1028 828 1113 pastoralem.
872 1028 1015 1094 Faciunt
1033 1032 1145 1093 autem
1167 1049 1227 1095 nos
1248 1028 1284 1093 in
1306 1026 1368 1093 hac
1390 1031 1484 1115 parto

437 1130 649 1195 vehementer
682 1131 816 1197 timidos
852 1153 921 1197 non
958 1132 1065 1197 solum
1087 1132 1267 1218 Scripturae
1305 1131 1484 1196 auotoritas

437 1253 663 1319 canonumque
699 1236 893 1313 sanctiones,
932 1256 1006 1321 quae
1043 1258 1065 1300 a
1100 1234 1299 1322 perfectione
1341 1232 1483 1297 multum

436 1334 544 1401 adhuc
566 1336 768 1423 longinquos,
790 1338 867 1403 licet
898 1338 939 1404 de
961 1338 1008 1403 eis
1030 1338 1075 1403 sit
1105 1360 1178 1424 spes
1200 1337 1296 1417 bona,
1318 1358 1386 1401 non
1408 1355 1484 1400 con·

435 1439 583 1503 stituunt
605 1444 764 1520 rectorea;
786 1439 843 1504 aed
866 1440 967 1505 etiam
989 1442 1140 1527 quaedam
1163 1462 1237 1526 quae
1259 1461 1315 1504 cor
1333 1442 1482 1504 nostrum

437 1542 580 1606 multum
604 1546 755 1629 tangrmt,
778 1548 813 1607 et
842 1548 882 1607 ut
916 1543 1011 1609 uobis
1044 1544 1185 1621 videtur,
1220 1564 1287 1608 non
1321 1540 1483 1605 modicum

438 1650 639 1710 coarctantes
675 1646 830 1709 rationes
877 1644 960 1725 Quis
994 1646 1081 1710 enim
1104 1646 1305 1711 constitutus
1342 1644 1384 1708 ad
1422 1642 1483 1707 sel·

438 1747 582 1811 vandum
604 1747 770 1833 quandam
792 1751 1079 1835 congregationem
1101 1748 1271 1813 bominum
1293 1746 1483 1812 collocatam

437 1851 473 1915 in
496 1849 575 1914 navi
597 1850 634 1915 in
663 1849 748 1915 mari
769 1856 991 1937 tempestuoso
1014 1855 1050 1917 et
1075 1850 1251 1937 scopuloso,
1275 1850 1380 1915 tradit
1401 1848 1484 1934 ejus-

438 1953 513 2017 dem
549 1954 644 2017 navis
681 1954 938 2039 gubernaculum
975 1965 1010 2018 et
1045 1954 1191 2039 regimen
1216 1954 1247 2019 ei
1284 1952 1341 2039 qui
1379 1950 1485 2016 adhuc

437 2056 569 2141 penitus
591 2056 723 2140 ignorat
752 2062 858 2121 artem
881 2057 1041 2133 navalem,
1065 2051 1137 2121 aut¹
1156 2078 1254 2141 quem
1283 2077 1353 2121 non
1385 2052 1485 2119 afficit

438 2158 611 2223 solicitudo
633 2159 674 2223 de
696 2158 755 2235 hia,
780 2159 837 2245 qui
860 2159 997 2223 suntin
1030 2158 1117 2237 navi,
1141 2159 1316 2238 salvandis,
1343 2162 1403 2223 aut
1431 2156 1484 2220 cui

438 2260 525 2326 vires
547 2282 615 2325 non
637 2266 819 2347 suppetunt
840 2260 884 2325 ad
904 2261 1107 2347 dirigendam
1138 2282 1278 2341 navem3
1300 2259 1376 2325 lioet
1401 2259 1485 2323 forte

439 2365 480 2428 de
502 2364 616 2428 eodem
639 2363 743 2448 possit
763 2362 1007 2429 rationabiliter
1028 2386 1100 2451 spes
1120 2363 1245 2449 concipi
1267 2362 1354 2448 quod
1376 2362 1486 2426 valeat

438 2466 475 2531 in
497 2473 663 2553 posterum
696 2466 853 2551 magister
885 2467 981 2532 navis
1015 2466 1147 2553 peritus
1179 2465 1281 2541 fortis,
1314 2468 1349 2529 et
1380 2463 1486 2529 bonus

439 2570 533 2634 fierit
577 2568 697 2633 Nonne
734 2570 935 2635 constitutus
979 2570 1016 2633 in
1053 2568 1267 2634 salvationem
1304 2588 1363 2653 per
1399 2567 1487 2631 hunc

439 2671 575 2737 modum
605 2672 699 2737 fieret
734 2670 793 2748 his,
830 2693 911 2757 quos
944 2676 1109 2758 oporteret
1141 2670 1277 2750 salvare,
1311 2670 1347 2734 in
1379 2668 1486 2756 panii-

438 2775 586 2839 tionem?
630 2772 684 2851 Et,
723 2778 761 2839 ut
798 2774 841 2837 ad
885 2794 989 2839 unum
1034 2774 1141 2839 multa
1177 2772 1488 2859 comprehendamus

439 2876 596 2963 exempla,
621 2878 694 2962 quis
716 2875 887 2940 ordinatus
910 2876 1042 2953 adhoc,
1066 2880 1106 2941 ut
1128 2876 1164 2940 in
1186 2875 1335 2940 artificiis
1352 2874 1486 2961 quibus·

439 3002 566 3065 cunque
586 2980 717 3065 peritos,
741 2985 902 3065 potentes,
925 2984 960 3044 et
992 2978 1135 3044 solicitos
1156 2979 1314 3065 praeficiat
1335 2978 1486 3055 artifices,

438 3083 475 3146 in
508 3080 631 3146 eisdem
662 3081 844 3167 praeficiens
874 3082 1016 3166 quadam
1053 3081 1234 3168 longinqua
1270 3080 1487 3167 possibilitate

439 3184 529 3259 tales,
554 3189 590 3250 et
617 3184 703 3248 forte
724 3204 763 3248 eo
786 3183 874 3269 quod
905 3185 1137 3270 praeficiuntur,
1170 3185 1213 3249 ad
1243 3191 1353 3250 actum
1387 3181 1488 3270 possi-

438 3287 579 3351 bilitatis
615 3287 721 3371 magis
752 3285 889 3366 desides,
923 3308 990 3351 non
1027 3287 1132 3374 magis
1168 3286 1252 3352 iram
1290 3286 1488 3351 ordinatoris

438 3389 580 3455 incurrit
601 3410 701 3474 quam
722 3390 987 3455 benevolentiam
1010 3390 1174 3476 acquirit?
1219 3390 1355 3477 Sapiens
1381 3394 1488 3474 pater-

439 3490 582 3555 familias
603 3490 694 3555 mille
711 3492 855 3557 carnales
869 3512 947 3557 oves
969 3513 1038 3556 non
1059 3492 1164 3557 tradit
1185 3492 1302 3579 ignaro
1317 3490 1488 3579 pastoralis

440 3593 537 3677 officii
551 3594 613 3659 sub
632 3616 689 3679 spe
704 3594 877 3679 pastolalis
892 3594 1037 3659 scientiae
1050 3592 1146 3659 officii
1160 3601 1237 3681 post
1249 3594 1370 3659 multos
1385 3614 1488 3658 annos

440 3696 681 3782 adipiscendae3
710 3718 815 3782 neque
847 3696 972 3761 vitulos
998 3696 1114 3782 jungit
1145 3698 1188 3761 ad
1221 3700 1376 3777 aratrum,
1411 3695 1488 3760 licet

440 3804 551 3885 speret
581 3798 703 3862 vitulos
725 3820 818 3883 posse
851 3799 1005 3884 proficere
1036 3798 1073 3862 in
1109 3799 1209 3863 robur
1232 3794 1373 3878 boum¹3
1410 3798 1488 3883 quia

441 3901 581 3966 forsitan
603 3901 704 3965 etiam
727 3922 765 3965 eo
787 3901 859 3987 ipso
873 3901 998 3966 vitulos
1021 3901 1219 3987 opprimeret
1241 3922 1282 3967 ne
1305 3901 1348 3966 ad
1363 3897 1488 3965 boum²

440 4004 673 4071 fortitudinem
693 4024 841 4089 uuquam
875 4003 1105 4089 pervenirent3
1128 4024 1194 4068 non
1217 4004 1305 4068 enim
1328 4001 1488 4068 debilibus

441 4107 658 4193 imponuntur
690 4127 790 4171 onera
821 4106 945 4193 gravia,
968 4106 1044 4172 licet
1066 4105 1255 4172 valentibus
1286 4106 1331 4171 ad
1359 4104 1490 4171 fortitu-

442 4209 553 4273 dinem
576 4229 724 4289 cresoere,
746 4230 789 4273 ne
812 4208 874 4274 sub
898 4230 1034 4273 onerum
1068 4210 1282 4275 succumbant
1315 4207 1488 4295 gravitate.

442 4310 480 4377 Si
501 4310 572 4377 haec
593 4311 706 4396 itaque
727 4331 795 4375 non
819 4311 916 4389 fiunt,
940 4310 997 4375 ubi
1019 4317 1131 4377 tamen
1153 4332 1221 4376 non
1247 4310 1399 4375 imminet
1424 4309 1490 4375 nisi

440 4410 606 4499 corporale
660 4412 850 4497 periculum,
898 4412 1060 4499 quomodo
1112 4418 1325 4499 praesumeret
1376 4419 1490 4479 nostra

478 4732 485 4760 ¹
505 4730 586 4797 ὸοιπι]
604 4732 706 4792 bouum
717 4730 770 4783 Sia
966 4729 972 4797 Ι
1026 4730 1133 4799 'bound
1152 4732 1250 4793 boum,
1262 4731 1314 4783 sid.
