3500 5784
649 841 828 896 urrsroaa.
1201 829 1265 894 435

215 1022 343 1097 cuntur,
366 1019 423 1104 qui
453 1018 489 1082 in
522 1023 686 1104 potestate
716 1034 802 1084 cursa
828 1017 998 1104 pastoralis
1020 1017 1202 1099 constituti,
1225 1017 1267 1084 da

213 1119 297 1186 lacte
320 1124 354 1186 et
376 1120 452 1186 lana
474 1121 585 1187 ovium
608 1120 732 1188 Christi
755 1120 822 1186 suis
842 1120 1026 1186 carnalibus
1048 1123 1083 1186 at
1103 1123 1266 1208 tempora·

213 1221 300 1286 libus
315 1222 483 1288 desideriis
505 1229 540 1290 et
554 1222 804 1290 necessitatibus
818 1222 1029 1310 prospiciunt,
1044 1227 1080 1288 et
1093 1222 1267 1310 pastoralia

213 1324 309 1390 officii
346 1327 529 1392 ministeria
564 1328 601 1392 in
630 1333 788 1394 aeternam
818 1324 944 1393 Christi
980 1325 1093 1392 ovium
1124 1325 1265 1393 salutem

213 1427 432 1514 operandam¹
457 1429 570 1495 debita
590 1450 659 1495 non
682 1429 937 1510 administrant3
960 1429 1032 1515 ipsa
1046 1427 1135 1494 enim
1150 1428 1264 1494 minis·

213 1532 370 1596 teriorum
392 1531 605 1619 pastoralium
639 1551 706 1597 non
735 1531 980 1598 administratio
1001 1537 1061 1608 est,
1085 1529 1265 1616 Scripturas

212 1633 409 1716 testimonio,
445 1635 556 1700 ovium
586 1634 702 1700 occisio
733 1639 768 1700 et
802 1633 944 1722 perditio
959 1631 980 1698 ².
1026 1632 1123 1713 Quod
1153 1638 1264 1700 autem

212 1733 282 1800 haec
320 1736 386 1802 duo
422 1757 543 1824 genera
586 1741 800 1824 peecatorum,
849 1736 926 1802 lieet
969 1734 1150 1822 dispariter,
1196 1734 1266 1800 sint

212 1838 351 1924 pessima
374 1843 409 1905 et
430 1861 526 1906 omne
548 1839 688 1905 alterum
710 1859 813 1926 genus
835 1837 961 1926 peccati
990 1836 1266 1904 inaestimabiliter

212 1941 507 2027 superexcedentia,
523 1941 736 2008 manifestum
758 1947 810 2008 est
827 1962 869 2006 ex
891 1940 960 2019 hoe,
982 1941 1072 2026 quod
1092 1941 1166 2028 ipsa
1186 1945 1266 2006 smt

213 2041 342 2109 duobus
373 2044 593 2111 existentibus
620 2051 655 2110 et
677 2044 784 2124 dictis,
809 2044 887 2110 licet
908 2043 1084 2131 dispariter
1105 2048 1142 2109 et
1170 2042 1265 2108 dissi·

213 2145 344 2225 militer,
367 2147 501 2236 optimis
535 2149 655 2214 directe
682 2148 865 2227 contraria3
889 2147 1066 2234 pessimum
1086 2145 1175 2213 enim
1205 2135 1264 2224 est,

213 2249 301 2334 quod
332 2251 457 2337 optimc
488 2255 538 2316 est
569 2251 786 2331 contrarium
809 2255 971 2335 quantum
1004 2255 1116 2316 autem
1146 2254 1198 2314 est
1229 2249 1266 2312 in

214 2349 310 2416 dietis
354 2353 572 2439 peccantibus,
618 2375 722 2418 unum
772 2351 1020 2440 peccaminum³
1065 2356 1116 2417 est
1163 2350 1266 2437 ipsius

213 2452 358 2519 Deitatis
387 2456 698 2542 superessentialiter
732 2461 766 2520 et
799 2454 1092 2542 supernaturaliter
1131 2454 1266 2539 optimae

213 2555 421 2642 vilipensi0⁴;
444 2557 584 2623 alterum
607 2579 686 2624 vero
702 2555 967 2624 Dsiformitatis⁶
990 2561 1025 2622 et
1038 2555 1266 2622 Deificetionis

212 2679 254 2722 ex
278 2651 384 2724 diiini
417 2661 503 2726 radii
535 2661 684 2748 gratifica
716 2659 969 2747 participatione
991 2658 1211 2724 essentialiter
1231 2662 1266 2723 et

212 2761 408 2827 naturaliter
430 2762 572 2850 optimae,
596 2762 813 2850 interemptio.
860 2762 906 2828 Et
920 2761 1000 2848 quia
1020 2761 1106 2826 sicut
1120 2761 1157 2824 in
1171 2759 1266 2825 honis

212 2885 308 2930 causa
328 2862 408 2931 boni
430 2864 544 2930 melior
566 2871 616 2931 est
638 2887 696 2932 suo
719 2871 859 2945 cameto,
875 2866 922 2930 sio
943 2864 1034 2930 etin
1055 2863 1150 2928 malis
1171 2883 1268 2928 eausa

212 2967 289 3031 mali
305 2968 396 3054 pejor
410 2977 460 3034 est
472 2989 532 3033 suo
546 2973 699 3048 causat03
721 2967 1021 3033 manifestissimum
1036 2973 1095 3046 est,
1110 2965 1267 3051 quoniam

213 3070 330 3135 talium
367 3072 580 3159 pessimorum
625 3071 898 3158 interemptorum
929 3067 1193 3136 Deiformitatis⁶
1230 3074 1266 3134 et

213 3171 439 3240 Delficationis
461 3175 497 3238 in
520 3175 638 3241 ovibus
662 3174 784 3242 Christi
806 3175 842 3239 in
865 3172 1031 3239 eeclesiam
1054 3169 1143 3238 Dei⁶
1162 3172 1266 3236 intro·

213 3276 370 3356 ductores,
401 3277 482 3363 ipsis
512 3277 660 3365 pessimis
693 3276 985 3363 interemptoribus
1018 3280 1097 3341 sunt
1129 3273 1263 3361 pejores,

212 3385 246 3444 et
284 3378 433 3444 Lucifero
478 3383 513 3444 st
550 3377 756 3445 Antichristo
793 3379 1029 3466 proximiores;
1061 3382 1095 3442 et
1131 3377 1168 3441 in
1205 3376 1266 3441 hae

211 3481 384 3566 pejoritate
421 3481 585 3568 gradatim
633 3480 762 3566 megis⁷
799 3481 1092 3569 superexcellentes
1128 3480 1187 3566 qui
1223 3499 1266 3544 ex

212 3582 354 3668 majore⁸
375 3587 411 3649 et
434 3583 598 3648 diviniore
612 3583 676 3648 sibi
692 3583 855 3648 divinitus
876 3589 1049 3672 potestate,
1063 3583 1102 3646 in
1124 3581 1265 3648 aedifica·

211 3687 335 3755 tionem
358 3691 393 3752 et
415 3671 481 3752 riou
503 3686 540 3750 iu
562 3686 817 3752 destructionem
832 3687 966 3764 tradita
981 3685 1086 3772 magis
1108 3689 1265 3770 tenentur

212 3789 253 3854 ab
280 3789 412 3854 ecclesia
433 3789 496 3854 Dei
528 3788 611 3854 tales
642 3789 891 3877 interemptores
915 3788 1068 3876 pessimos
1091 3788 1263 3854 excludere

212 3895 245 3957 et
291 3892 463 3980 extirpare.
510 3891 544 3956 N
546 3914 588 3956 on
626 3897 735 3978 potest
768 3891 871 3980 igitur
908 3891 1113 3957 sanctissima
1149 3887 1264 3956 sedes⁹

212 3991 410 4082 Apostolica,
457 3995 510 4061 eui
554 4016 574 4059 a
619 4001 732 4061 sancto
769 4000 955 4061 &actorum
992 3993 1137 4060 Domino
1181 3993 1263 4059 Jesu

244 4189 340 4238 'aas
362 4226 369 4239 .
388 4225 394 4239 .
410 4186 570 4253 mandam]
589 4186 629 4238 for
651 4187 709 4249 this,
792 4185 1259 4253 ‘Deisormitatiqdefonnitatiahlatt

210 4267 281 4319 Mea
305 4267 362 4320 Par.
385 4268 431 4317 hae
459 4265 658 4329 oimficoadorum
687 4274 710 4316 et
759 4266 817 4320 Par.

209 4345 381 4398 salvandarum
413 4344 547 4413 pastoralia
579 4345 654 4412 efficii
686 4353 711 4394 et
791 4357 883 4424 upa]
904 4357 1006 4420 ebrini,
1019 4357 1069 4407 οι,

209 4423 465 4476 minutariisolorium
476 4432 624 4491 compareat.
791 4451 801 4478 r
877 4450 908 4516 ·]
927 4465 968 4500 om
999 4449 1088 4501 cm.
1108 4447 1180 4500 Μή
1200 4448 1251 4500 p„

242 4508 323 4572 *aaa
340 4543 347 4558 .
365 4543 372 4557 .
390 4505 530 4571 peasa]
551 4519 600 4556 om.
613 4503 687 4556 cant.
817 4465 895 4516 ''¹⁰⁹¹‘’
969 4486 975 4499 '
1082 4487 1089 4498 '
1251 4487 1258 4500 '

241 4587 251 4616 ³
263 4587 442 4652 peccaminum]
461 4592 597 4652 peceatum,
608 4583 679 4635 Burt
860 4636 865 4648 ,

241 4663 406 4730 ⁴vilipensio]
441 4679 490 4714 om.
520 4663 600 4725 Cant,
628 4663 707 4727 Rom,
789 4636 919 4702 mm]
938 4650 1030 4697 ηοω*
1042 4635 1114 4687 cm

208 4743 280 4796 aaa
291 4743 349 4795 Par.
789 4741 896 4807 ἐθόα]
914 4739 1068 4804 litescunt

1014 4839 1037 4886 a
1059 4823 1124 4884 an

757 4531 849 4582 inserts
860 4539 957 4596 wate.
