3500 5784
461 804 531 871 344
783 820 931 873 mansur
954 822 1183 875 snossrrnsrn

293 990 407 1045 Jma.
463 987 598 1057 visitare
641 994 823 1081 capitulum
867 994 1094 1061 Lincolniense
1137 994 1176 1059 in
1224 994 1368 1060 crastino
1419 992 1515 1059 beati

462 1088 640 1175 vincentii,
675 1097 886 1183 quodetiam
908 1098 989 1163 satis
1011 1118 1160 1184 expresse
1182 1095 1276 1163 vobis
1297 1096 1453 1175 diximus,
1477 1100 1517 1161 et

461 1194 507 1259 sio
529 1196 679 1285 deinceps
701 1200 893 1266 descendere
917 1200 961 1265 ad
984 1199 1188 1265 visitandum
1209 1198 1513 1267 archidiaconatum

461 1298 502 1363 de
547 1298 659 1367 Stowe
703 1307 739 1368 et
786 1302 979 1389 praebendas
1015 1304 1052 1367 in
1085 1302 1201 1369 eodem
1244 1300 1513 1367 archidiaconatu
1724 1298 1725 1381 l

461 1402 660 1485 existentes3
680 1426 749 1470 non
774 1405 862 1470 enim
890 1404 1072 1471 sufficiebat
1096 1409 1227 1490 tempus
1251 1404 1339 1470 inter
1364 1402 1512 1490 Epipha-
1724 1420 1725 1433 ¹

460 1504 549 1569 niam
583 1504 718 1573 Domini
752 1510 786 1573 et
816 1506 942 1573 dictum
979 1507 1166 1587 terminum,
1200 1506 1243 1573 ad
1277 1504 1510 1593 complendum
1724 1512 1725 1571 l

459 1608 684 1676 visitationem
718 1610 908 1697 praedictam
944 1610 982 1675 in
1026 1608 1290 1677 archidiaconum
1327 1608 1509 1695 pradicto:

459 1730 556 1795 super
580 1710 679 1797 hujus
707 1712 821 1797 itaque
843 1711 1003 1799 propositi
1026 1710 1278 1780 fundamentum
1309 1717 1379 1777 erat
1402 1731 1510 1777 sermo

458 1816 570 1877 noster
598 1812 639 1879 ds
665 1814 777 1879 ordine
802 1813 1003 1879 visitationis
1025 1812 1206 1880 fundatus:
1230 1813 1287 1879 sed
1313 1812 1358 1878 ad
1380 1818 1510 1879 vestras
1724 1830 1725 1908 j

458 1934 577 1998 preces,
599 1921 640 1980 ut
662 1915 758 1994 scitis,
782 1914 844 1981 hoo
867 1914 1119 1982 fundamentum
1148 1921 1199 1981 ast
1224 1916 1444 1993 immutatum,
1470 1920 1509 1981 et
1724 1916 1725 1999 l

458 2016 561 2081 dilata
582 2016 731 2083 visitatio
753 2016 889 2103 capituli
912 2038 1015 2104 usquc
1038 2018 1073 2082 in
1095 2017 1182 2084 diem
1206 2019 1296 2083 lunm
1320 2017 1507 2105 proximam

457 2127 532 2209 post
554 2121 826 2189 Purificationem
865 2122 1117 2189 considerantes
1134 2124 1247 2210 itaque
1266 2124 1355 2209 quod
1374 2130 1508 2210 tempus

458 2226 501 2289 ab
535 2224 721 2311 Epiphania
753 2246 857 2311 usque
887 2224 930 2291 ad
962 2225 1088 2291 dictum
1118 2225 1206 2291 diem
1234 2226 1332 2308 lunae,
1364 2226 1507 2312 juvante

457 2349 517 2395 nos
543 2326 725 2393 Salvatoris
750 2329 867 2415 gratia
900 2326 1022 2394 sufficit
1051 2326 1146 2394 nobis
1176 2328 1219 2393 ad
1248 2333 1439 2415 praetaotam
1469 2329 1507 2395 in

455 2431 612 2519 prodiero
634 2430 900 2496 archidiaeonatu
934 2430 1156 2497 visitationem
1194 2432 1441 2518 perficiendam
1463 2452 1508 2499 ne

455 2534 590 2599 interim
620 2533 822 2622 pigritemur,
850 2536 887 2599 et
915 2532 951 2597 in
989 2532 1114 2599 talento
1143 2533 1239 2599 nobis
1276 2534 1400 2601 tradito
1436 2556 1507 2601 non

456 2637 668 2724 negotiemur,
693 2636 839 2703 ordinem
862 2636 1073 2713 visitationis,
1095 2659 1193 2723 quem
1215 2658 1283 2703 non
1301 2636 1505 2723 simpliciter,

455 2740 513 2807 sed
556 2740 713 2827 praedicto
749 2738 965 2805 fundamento
1010 2739 1177 2825 supposito
1223 2760 1504 2827 proposueramus,

453 2843 748 2908 commutavimus:
787 2860 884 2928 super
921 2863 987 2927 quo
1019 2862 1086 2905 non
1120 2840 1287 2920 admirari,
1312 2842 1369 2907 sed
1398 2842 1507 2928 magis

454 2945 672 3031 congratulari
694 2942 844 3010 debetis:
868 2964 936 3029 qua
957 2943 1045 3009 enim
1068 2944 1283 3009 admiratione
1306 2944 1451 3031 dignum,
1475 2946 1506 3013 si

453 3069 550 3133 super
571 3046 711 3112 alterum
733 3045 996 3124 frmdamentum,
1015 3044 1154 3111 alterum
1176 3046 1228 3112 vel
1245 3046 1341 3113 aliter
1358 3048 1505 3134 erigatur

452 3149 653 3216 aedificiamt
690 3148 853 3214 Praeterea
898 3147 1001 3233 siquis
1046 3149 1133 3233 quod
1177 3148 1277 3214 etiam
1314 3149 1506 3237 simpliciter

452 3253 620 3337 proposuit
642 3256 677 3317 et
698 3250 890 3337 simpliciter
912 3272 946 3315 se
968 3248 1131 3315 facturum
1153 3251 1311 3333 promisit,
1327 3250 1364 3315 in
1385 3251 1504 3317 melius

452 3360 488 3419 et
524 3354 695 3419 animabus
732 3351 897 3417 salubrius
934 3356 1122 3430 commutat,
1161 3351 1325 3437 numquid
1362 3374 1404 3419 ex
1441 3354 1503 3422 hoo

452 3456 619 3530 mendacii,
658 3460 718 3520 aut
762 3454 1001 3530 inconstantiae,
1033 3458 1092 3519 aut
1121 3454 1349 3541 imprudentiae
1378 3457 1504 3541 poterit

452 3558 629 3645 redarguit
660 3557 885 3623 Certissimum
913 3560 964 3620 est
993 3560 1104 3620 autem
1127 3556 1242 3621 melius
1272 3576 1340 3623 esse
1369 3562 1404 3622 ct
1430 3556 1503 3625 Deo

451 3661 614 3747 acceptius
636 3658 870 3744 animabusque
892 3657 1063 3735 salubrius,
1090 3658 1178 3743 quod
1200 3658 1332 3724 favento
1356 3658 1501 3727 Domino

451 3784 512 3827 nos
547 3760 690 3828 facturos
722 3760 807 3826 circa
838 3758 1039 3825 visitationis
1073 3760 1242 3846 negotium
1276 3760 1500 3847 disponimus:

452 3865 588 3949 ideoque
618 3864 711 3928 decet
740 3884 809 3943 vos,
831 3866 874 3926 ut
902 3860 984 3927 Jesu
1019 3860 1143 3927 Christi
1173 3882 1291 3940 servos,
1319 3882 1392 3929 aaa
1425 3884 1503 3949 quoa

319 3978 325 3994 ·
451 3973 560 4033 vestra
580 3963 638 4030 sed
651 3986 726 4051 qum
747 3962 868 4048 Ipsius
882 3969 965 4029 suat
987 3970 1178 4050 occurentes,
1192 3971 1305 4033 nostro
1327 3965 1500 4051 processui,

450 4075 491 4135 ut
527 4068 720 4155 praedictum
756 4071 815 4145 est,
852 4065 1082 4152 congratulari,
1120 4067 1270 4154 precibus
1306 4066 1424 4132 vestris
1460 4073 1503 4133 ut

452 4172 613 4239 Dominus
634 4170 742 4257 ipsum
765 4190 954 4257 prosperum
975 4167 1074 4234 facim
1096 4173 1131 4234 et
1153 4168 1283 4257 dirigat,
1306 4168 1504 4255 impetrare3

451 4273 634 4363 praesertim
671 4293 746 4338 cum
782 4270 819 4337 in
855 4270 917 4337 hoc
954 4271 1112 4337 consistat
1149 4272 1256 4337 oneris
1292 4272 1396 4339 nostri
1431 4292 1503 4337 non

451 4378 579 4444 modica
614 4373 808 4456 sublevatio,
845 4370 966 4439 laboris
1003 4373 1105 4439 vestri
1137 4374 1278 4460 juvati0,
1302 4380 1337 4439 et
1371 4394 1500 4461 magna,

449 4486 489 4546 ut
510 4479 637 4544 facibus
667 4482 701 4544 et
731 4474 930 4542 fructuosius
959 4497 1019 4541 vos
1048 4476 1085 4541 in
1106 4498 1184 4542 eura
1205 4476 1299 4542 vobis
1328 4476 1499 4542 commissa

448 4584 587 4649 salutem
630 4580 816 4668 operemini,
862 4578 1063 4668 praeparatio.
1131 4578 1247 4646 Valete
1291 4600 1417 4667 semper
1459 4579 1499 4645 in

448 4686 599 4753 Domino.
