3500 5784
1248 838 1314 912 137

262 1039 436 1108 tendentia
464 1041 500 1104 et
531 1036 681 1125 potentia
713 1037 750 1102 in
783 1036 922 1103 salutem
951 1035 1060 1122 gregis
1081 1035 1134 1100 oui
1155 1033 1314 1121 praelatus

263 1145 380 1223 existo,
394 1163 432 1208 eo
454 1145 645 1227 promoveat
667 1138 763 1205 modo
779 1161 875 1226 quem
898 1137 1051 1204 ostendet
1073 1137 1181 1202 eidem
1196 1136 1312 1202 Sancti

264 1245 409 1332 Spiritus
430 1243 553 1322 unctio,
577 1246 612 1307 et
642 1241 688 1308 sio
717 1263 775 1328 per
796 1241 863 1306 mei
893 1247 928 1306 et
956 1239 1098 1305 eoolesiae
1119 1237 1202 1304 mihi
1224 1258 1312 1303 oom-

264 1347 372 1414 missae
392 1345 545 1424 medium,
569 1343 708 1410 eandem
740 1343 883 1430 gratiam
904 1345 1151 1429 perseveranter
1182 1339 1315 1406 faciatis

265 1471 341 1516 eum
369 1446 603 1535 prrodeeessoro
636 1467 708 1510 meo
743 1449 883 1526 mortuo,
921 1464 1021 1530 quam
1058 1441 1162 1508 vestri
1202 1441 1315 1528 tagretia

266 1550 484 1619 fecistiseam
510 1547 624 1614 eodem
646 1547 736 1612 vivo.

739 1743 842 1810 XLV.

271 1877 466 1946 Venerabili
502 1877 547 1944 in
586 1874 719 1944 Christo
759 1873 866 1962 petri,
905 1873 1047 1941 domino
1084 1872 1216 1960 Epidio,
1246 1872 1315 1940 Dei

355 1981 473 2067 pratia
501 1979 707 2048 Sanctorwn
743 1976 869 2045 Oosneoe
900 1983 931 2043 et
961 1975 1137 2044 Damioni
1170 1977 1316 2044 dianio

358 2081 544 2161 cardinali,
566 2081 729 2148 liebertus
748 2077 975 2166 permissione
997 2079 1123 2146 diviua
1137 2078 1316 2146 tenemini

357 2185 449 2250 ensis
470 2182 608 2251 eoelesioe
629 2181 791 2249 minister
812 2180 967 2261 inmitis,
991 2182 1138 2249 snlnnrn
1159 2189 1190 2249 et
1211 2205 1318 2270 qnam

359 2286 507 2353 debitam
532 2291 605 2353 tone
626 2285 779 2353 derotnne
801 2305 880 2351 enne
902 2284 1002 2352 mnni
1022 2283 1146 2353 tenore
1167 2307 1319 2352 reveren·

360 2387 454 2455 tinen

315 2513 496 2603 Epistulam
511 2513 698 2581 reverendae
714 2513 927 2602 paternitatis
941 2521 1060 2582 vestrae
1074 2537 1133 2603 per
1147 2515 1318 2582 dominum
1330 2522 1437 2602 Thrake
1447 2530 1474 2574 ro

272 2619 503 2685 Cestrensem⁸
539 2617 622 2681 mihi
658 2615 886 2683 transmissam
930 2639 1043 2704 nuper,
1081 2618 1169 2683 sieut
1199 2618 1318 2698 decuit,
1332 2589 1456 2708 {23¹}ss

270 2726 457 2786 reverenter
480 2723 514 2784 et
536 2720 653 2784 devote
669 2718 804 2806 srmoepi,
835 2740 936 2804 quam
951 2718 1125 2806 diligenter
1139 2719 1319 2806 inspectum
1331 2723 1372 2774 nis
1383 2728 1456 2773 tener

269 2822 451 2888 admiratus
473 2843 547 2885 sum
561 2820 734 2886 verborum
757 2819 894 2886 floribus
909 2825 1110 2899 vernantem,
1127 2822 1321 2909 eloquentiae
1332 2791 1486 2921 ffiolffiw

269 2930 406 3012 argento
420 2924 591 3002 nitentem,
607 2943 687 2988 euro
703 2923 876 3010 sapientiae
899 2922 1089 3010 fulgentem,
1113 2928 1147 2990 et
1169 2923 1318 2990 caritatis
1332 2922 1444 3003 mester.

271 3027 403 3092 flamma
433 3025 642 3107 rutilantem;
680 3045 754 3112 quse
790 3023 870 3090 lieet
901 3025 1050 3091 caritatis
1081 3008 1319 3113 congaudentis
1331 2989 1492 3134 ffiffl

272 3129 406 3196 veritati
442 3131 547 3193 metes
590 3149 658 3192 non
694 3125 878 3206 excesserit,
917 3149 976 3215 per
1020 3128 1169 3194 ueritatis
1206 3134 1430 3200 tumenteste

273 3233 383 3299 omnia
398 3229 560 3298 credentis
575 3229 783 3296 exoelsiorern
797 3229 888 3295 viam
910 3230 991 3296 forti
1013 3237 1133 3298 conatu
1154 3231 1318 3312 incedens,
1330 3217 1435 3283 semoy.

274 3341 378 3401 metus
404 3356 470 3400 non
500 3354 617 3421 purum
639 3333 795 3400 veritatis
817 3333 964 3413 excessit,
989 3333 1068 3399 dum
1091 3334 1320 3421 superfervido

275 3440 368 3501 motu
400 3436 436 3500 in
466 3434 632 3500 anteriora
663 3439 697 3500 et
720 3433 887 3520 superiora
912 3434 1011 3501 simul
1041 3457 1076 3501 se
1109 3437 1321 3519 extendente,

276 3559 391 3624 meque
412 3557 521 3602 seeum
543 3557 655 3622 rapere
685 3540 824 3602 conante
852 3558 953 3623 snpra
981 3536 1018 3602 id
1040 3538 1129 3624 quod
1158 3560 1240 3618 sum,
1263 3561 1323 3604 seu

276 3641 386 3728 potius
408 3661 506 3726 supra
527 3637 614 3702 nihil
643 3637 731 3724 quod
764 3660 845 3714 sum,
877 3638 1041 3725 praeoluris
1077 3639 1231 3707 laudibus
1268 3663 1321 3706 me

276 3742 485 3810 vehementer
514 3739 643 3805 extulit
690 3737 822 3806 Gratius
850 3763 914 3828 ago
936 3747 1077 3828 quantas
1097 3743 1194 3811 valeo
1215 3748 1320 3812 tantae

277 3842 424 3922 cantati3
446 3841 539 3907 doleo
562 3840 650 3929 quod
671 3841 796 3906 meritis
818 3839 904 3907 n0n¹
927 3845 1106 3928 respondeo
1127 3850 1234 3914 tantae
1247 3848 1319 3914 lau·

277 3943 420 4026 dationi;
442 3944 500 4010 sed
521 3943 672 4030 nunquid
694 3941 850 4009 falsitatis
865 3966 968 4032 arguo
982 3951 1115 4011 tantem
1130 3949 1320 4016 caritateml

276 4047 392 4127 Absit3
426 4051 477 4112 est
503 4045 590 4111 enim
623 4045 659 4110 in
692 4045 871 4111 extollente
900 4069 952 4112 me
978 4070 1078 4135 supra
1099 4071 1152 4116 me
1174 4052 1321 4120 caritatis

276 4149 452 4226 sinceritas,
476 4147 662 4213 assertionis
684 4145 862 4228 vereoitae3
890 4149 927 4214 in
953 4171 1026 4216 meo
1049 4157 1161 4217 eutem
1184 4154 1321 4238 defectu,

278 4251 449 4338 quianon
476 4270 625 4336 ooaequor
652 4249 825 4314 asserentis
855 4253 1005 4330 sermoni,
1028 4252 1170 4338 saisitum
1201 4259 1324 4344 poterit

275 4359 397 4431 tamen,
420 4357 460 4417 ut
487 4373 589 4438 spero,
614 4350 756 4435 juvante
779 4351 931 4433 Domino,
955 4353 1083 4422 falsitas
1110 4379 1191 4426 meae
1219 4360 1325 4426 defec-

277 4455 378 4521 tionis
400 4476 441 4520 ex
464 4459 558 4540 parte
573 4453 685 4539 aliqua
699 4453 811 4520 reduci
834 4453 877 4519 ad
900 4456 1149 4544 eompletionem
1163 4461 1324 4544 veritatis,

278 4556 452 4624 sidonem
473 4553 655 4642 pretiosum
689 4577 747 4644 per
777 4557 951 4643 epistolam
978 4561 1207 4628 transmissum
1229 4567 1325 4633 avide

675 4845 682 4878 ¹
700 4845 760 4912 non]
779 4861 828 4897 om.
846 4848 896 4900 Ox.
