3500 5784
305 1048 347 1097 Ps.
360 1048 431 1097 lxxv.

309 1119 346 1163 la.

308 1181 399 1299 {ipson
412 1180 448 1233 iii.

313 2377 370 2430 lsai.
379 2376 466 2427 lviiis.

313 2458 353 2508 He
362 2458 411 2507 hed
421 2456 460 2507 in·

314 2526 440 2575 tendedto

312 2592 403 2657 resigu,
414 2592 460 2643 but

313 2792 348 2856 by
358 2791 470 2855 superior

313 2858 446 2924 authority.

317 2946 327 2991 1
340 2941 397 2994 Cer.
407 2958 431 2993 v.
443 2947 467 2993 8.

476 842 541 905 stt
799 851 945 901 seusam
967 850 1198 901 uaessurmrn

477 1029 588 1096 oanni
610 1028 732 1095 malum
755 1028 842 1115 quod
871 1026 1004 1105 viderit,
1028 1025 1068 1093 de
1089 1046 1202 1093 oseae
1221 1030 1291 1113 ejaa
1319 1022 1535 1110 antipatriam

477 1132 589 1220 popuii
620 1130 872 1219 requirendum
919 1130 990 1195 Noe
1022 1130 1135 1215 iisque
1166 1129 1249 1194 tacti
1279 1126 1391 1195 dolore
1420 1126 1534 1193 sordis

475 1236 681 1315 intrinsecus,
705 1238 739 1299 et
768 1255 872 1319 usque
903 1232 947 1299 ad
978 1232 1067 1321 ipsas
1096 1231 1232 1319 spiritus
1263 1230 1421 1296 medullas
1455 1252 1532 1296 em·

475 1338 563 1419 eiati,
585 1342 654 1402 tem
683 1336 893 1423 multiplicia,
909 1334 1004 1413 mala,
1027 1340 1098 1399 tam
1119 1335 1244 1421 gravia,
1266 1338 1337 1398 mm
1359 1332 1531 1409 deformia,

475 1446 544 1505 tam
566 1438 663 1519 foeda,
686 1444 756 1503 mm
778 1438 952 1525 flagitiosa,
967 1441 1037 1502 tam
1059 1436 1247 1515 facinorosa,
1270 1440 1341 1501 tam
1362 1434 1532 1510 seelemm,

476 1546 545 1608 tam
568 1540 733 1627 sacrilega,
749 1539 870 1626 populo
887 1538 1012 1604 Christi
1033 1558 1148 1604 eruore
1168 1537 1338 1623 redempto
1359 1538 1532 1602 universa-

476 1644 551 1709 liter
582 1645 688 1709 inesse
711 1646 745 1707 et
778 1641 940 1709 inhaerere
971 1662 1015 1707 ex
1047 1641 1198 1728 neglectu
1219 1645 1391 1720 rectorum,
1414 1661 1457 1705 ex
1479 1639 1532 1703 in-

476 1746 567 1811 curia
588 1750 766 1833 pastorum,
790 1750 834 1823 et,
857 1744 945 1830 quod
967 1744 1032 1809 heu
1053 1743 1200 1810 flendum
1222 1748 1273 1809 est
1294 1743 1407 1830 potius
1428 1762 1530 1828 quam

477 1848 691 1926 scribendum,
730 1866 772 1913 ex
809 1846 958 1932 exemplo
995 1846 1135 1933 pessimo
1165 1850 1200 1911 et
1236 1845 1378 1932 pernieie
1413 1843 1532 1909 rabida

477 1951 648 2038 pessimat
671 1948 880 2037 impudenter
900 1948 1024 2035 ubique
1045 1953 1204 2034 serpente,
1220 1948 1383 2014 cernimus
1396 1946 1532 2011 eviden-

478 2058 537 2134 ter,
561 2051 649 2139 quod
675 2052 806 2139 penitus
828 2073 871 2117 ex
904 2050 1129 2138 desperatione
1159 2049 1378 2128 dissolvimur,
1399 2054 1436 2114 et
1464 2070 1532 2133 qua

478 2159 571 2243 parte
609 2153 802 2220 ordiendum
840 2159 891 2219 est
926 2152 972 2218 ad
1014 2154 1132 2219 horum
1169 2152 1358 2230 remedium,
1396 2152 1531 2237 penitus

478 2258 674 2345 ignoramus.
719 2254 815 2321 Esset
852 2256 947 2321 nobis
981 2256 1096 2341 utique
1137 2256 1182 2323 ad
1214 2254 1415 2341 surgendum
1448 2252 1530 2317 viri-

479 2360 554 2425 liter
576 2358 619 2424 ad
650 2357 900 2444 irrumpendum
933 2380 1008 2425 cum
1041 2357 1168 2423 virtute
1200 2362 1237 2423 et
1268 2354 1530 2423 diasotveisdam.

479 2461 637 2548 quatinus
670 2460 707 2526 id
747 2461 852 2527 faeere
882 2482 1057 2546 possemus,
1092 2458 1323 2545 atesim
1357 2455 1530 2544 iniquitu-

479 2571 555 2631 tum
566 2588 579 2643 ;
611 2562 669 2629 sed
702 2562 884 2628 intervenit
906 2562 1093 2641 auctoritas,
1117 2563 1169 2627 oui
1195 2583 1264 2626 non
1295 2581 1409 2648 parere
1439 2559 1531 2625 nefas

481 2671 638 2747 censetur,
670 2686 743 2751 quae
777 2685 836 2730 nos
868 2664 911 2729 ad
943 2668 1074 2751 tempus
1107 2662 1274 2730 subtrahit
1298 2668 1417 2729 vestrae
1448 2683 1531 2748 pne

481 2768 605 2849 sentiae,
628 2770 662 2833 et
684 2788 705 2831 a
736 2772 891 2855 concepto
925 2766 1049 2831 salubri
1081 2764 1248 2852 proposito
1278 2786 1339 2829 nos
1375 2763 1531 2829 retardat

481 2870 620 2935 Interim
643 2875 755 2935 autem
776 2869 853 2935 lieet
875 2868 1022 2935 absentes
1043 2890 1189 2954 empore,
1208 2873 1389 2953 powseuaee
1415 2872 1533 2932 tomen

481 2970 621 3059 astutia,
645 2971 766 3059 scripto
788 2971 917 3059 agimus
939 2970 1028 3058 qnod
1054 2971 1156 3035 verbo
1186 2992 1255 3036 uon
1287 2970 1372 3035 lieet
1417 2968 1532 3033 Mone-

481 3096 554 3139 mus
577 3096 643 3153 vos,
667 3080 706 3139 ut
737 3074 895 3160 seriptum
921 3072 982 3138 hoe
1016 3077 1173 3151 nostrum,
1195 3076 1355 3157 tanquam
1391 3070 1531 3134 verbum

485 3176 594 3262 Ipsius
617 3175 762 3252 Domini,
786 3176 941 3241 timorate
964 3179 999 3240 et
1020 3174 1191 3239 humiliter
1213 3173 1374 3261 suscipere
1401 3172 1533 3239 curetis.

483 3276 762 3358 Eeceoarisnmi,
786 3298 866 3355 ecee,
890 3276 1033 3363 dieque
1053 3296 1122 3341 non
1144 3276 1284 3356 aeditis,
1307 3280 1342 3341 et
1363 3274 1449 3341 tota
1464 3294 1535 3359 pua

349 3391 355 3403 ·
482 3402 556 3445 aaa
592 3378 743 3465 spreratis,
779 3378 873 3445 venit
905 3379 996 3445 Deus
1026 3383 1147 3460 noster,
1181 3384 1217 3445 et
1258 3377 1352 3444 videt
1387 3382 1533 3444 aeternus

483 3481 644 3547 Dominus
677 3482 735 3567 qui
771 3482 928 3547 fundavit
964 3481 1125 3547 terminos
1156 3480 1245 3547 orbis
1276 3486 1380 3548 terre
1440 3479 1534 3555 Eeee,

483 3586 627 3669 inquam,
651 3583 745 3649 venit
779 3582 884 3649 citans
914 3604 976 3649 nos
1008 3604 1121 3649 omnes
1151 3588 1187 3648 et
1218 3583 1364 3670 singulos
1384 3582 1430 3648 ia
1457 3604 1534 3648 vose

382 3694 461 3747 esis·
483 3684 693 3771 Arehusupelt'
715 3692 745 3751 et
775 3685 856 3751 teba
877 3686 1056 3751 novissime
1088 3686 1132 3751 ad
1164 3685 1315 3773 generale
1347 3685 1532 3765 eonsilium,

348 3798 355 3815 ·
484 3787 707 3874 adjudicium
729 3787 892 3853 universae
925 3788 1040 3865 earnis,
1064 3788 1289 3854 visitationem
1321 3788 1469 3854 facturus
1494 3788 1532 3852 in

483 3890 593 3979 gladio
626 3911 693 3969 suo,
716 3888 808 3971 duro,
834 3910 932 3975 quem
963 3911 1059 3955 nemo
1092 3891 1261 3969 sustinere,
1284 3890 1411 3977 grandi,
1434 3912 1533 3976 quem

483 3992 594 4059 nullus
616 3991 767 4079 effugere,
791 4014 829 4057 ae
851 3992 939 4072 forti,
955 3992 1009 4057 oui
1030 3992 1204 4079 quisquam
1224 3994 1383 4075 resistere,
1397 3993 1534 4058 minime

358 4119 373 4168 ·,
404 4134 449 4169 xx.
483 4093 684 4183 praevalebit.
717 4092 828 4159 Laeta
849 4094 1013 4159 venientis
1035 4094 1172 4161 Domini
1194 4100 1229 4161 et
1250 4095 1371 4161 summi
1385 4094 1534 4161 Pastoris

349 4222 355 4235 ·
484 4204 518 4263 et
541 4196 694 4284 Episcopi
716 4195 820 4261 nostri
842 4194 1087 4281 todtpowttooe
1107 4204 1190 4263 attat
1209 4196 1324 4283 pum,
1347 4204 1379 4263 et
1408 4196 1436 4262 l·

483 4300 549 4364 oris
572 4296 642 4384 ejus
673 4298 772 4385 quusi
804 4296 900 4385 t'yat'e
925 4298 1099 4365 deverema
1145 4298 1248 4386 Cujus
1278 4300 1389 4365 sivix
1410 4300 1533 4366 stillam

483 4422 618 4488 paruam
654 4401 811 4465 sermonis
841 4400 1050 4479 audierimus,
1085 4402 1160 4487 quis
1189 4402 1313 4489 poterit
1346 4403 1531 4469 tonitruum

481 4503 551 4588 ejus
573 4502 810 4589 magnitudinis
832 4502 979 4568 intuerit
1037 4502 1119 4585 Quis
1153 4505 1257 4571 stabit
1286 4504 1330 4571 ed
1352 4504 1532 4572 videndum

482 4604 569 4669 Eum
599 4625 671 4669 eum
701 4602 935 4670 revelabuntur
956 4606 1166 4671 tenebrarum
1197 4628 1303 4694 opere,
1330 4630 1405 4674 eum
1427 4607 1533 4675 diseu-

483 4707 585 4772 tietur
606 4705 815 4795 negligentiae
838 4712 958 4794 torpor,
982 4728 1057 4773 eum
1079 4716 1260 4795 arguentur
1296 4709 1445 4777 illusores
1474 4710 1535 4797 qui
