3500 5784
656 878 831 928 remmon.
1203 865 1265 928 301

222 1054 316 1140 justa
337 1057 372 1118 et
394 1051 554 1138 condigna
575 1073 688 1138 poena:
713 1053 769 1118 sed
791 1053 867 1118 lieet
895 1053 933 1117 in
962 1051 1097 1139 spiritus
1119 1066 1361 1118 mansue-uxos

226 1153 342 1220 tudine
364 1159 399 1218 et
421 1153 605 1220 dilectionis
627 1155 849 1240 superfervido
873 1155 985 1233 calore,
1008 1155 1044 1218 in
1066 1153 1270 1219 fortitudinis
1280 1133 1414 1263 {ffilz

225 1257 336 1321 tamen
373 1277 440 1323 non
477 1255 623 1322 relaxato
653 1259 776 1338 robore,
799 1279 872 1322 cum
906 1257 984 1322 filiis
1024 1256 1105 1322 Levi
1136 1257 1205 1322 iens
1235 1262 1270 1322 et

223 1357 351 1424 rediens
376 1357 416 1422 de
447 1363 543 1444 porta
564 1380 668 1445 usque
689 1359 732 1424 ad
754 1366 884 1446 portam
905 1380 964 1446 per
983 1359 1128 1424 medium
1150 1363 1271 1424 castro-

225 1481 299 1524 rum
321 1459 440 1525 occidit
454 1459 508 1526 die
524 1481 591 1527 uno
613 1458 700 1526 tria¹
725 1462 816 1526 milia
837 1460 1007 1526 hominum
1030 1460 1087 1546 qui
1109 1461 1146 1525 in
1170 1460 1270 1526 vituli

225 1561 452 1627 conflationem
497 1568 739 1628 consenserant:
785 1563 821 1627 in
857 1585 923 1649 quo
966 1563 1053 1628 facto
1089 1561 1151 1627 filii
1189 1561 1270 1628 Levi

224 1683 351 1730 omaus
373 1685 454 1729 cuae
489 1669 763 1730 consecraverunt
788 1663 947 1745 Domine,
972 1670 1002 1732 et
1032 1663 1116 1732 doro
1146 1669 1192 1731 eet
1221 1663 1270 1730 eis

225 1763 414 1832 benedictio.
475 1765 543 1830 Vos
581 1767 692 1853 itaque
730 1767 807 1833 estis
844 1767 902 1853 qui
940 1767 1065 1853 Moysis
1097 1786 1269 1854 personam

223 1867 337 1954 geritis
368 1867 456 1933 inter
489 1888 549 1933 nos
581 1873 614 1933 et
647 1869 734 1935 filios
756 1874 886 1936 nostros
919 1869 1109 1948 carissimos,
1140 1872 1269 1935 nostros

223 1973 336 2036 tamen
357 1968 569 2048 adversarios,
600 1969 721 2056 judicis
750 1971 924 2058 fungentes
946 1971 1064 2053 offici03
1087 1971 1270 2038 consideret

224 2071 326 2158 igitur
353 2073 477 2159 Moysis
509 2073 660 2139 discretio
684 2078 718 2140 et
740 2073 907 2140 subtiliter
929 2073 1095 2159 dijudicet,
1128 2073 1156 2139 si
1188 2073 1269 2140 dicti

224 2173 410 2256 adversarii,
442 2175 518 2242 licet
554 2175 615 2240 filii
648 2177 762 2254 nostri,
795 2176 888 2241 velut
920 2177 1062 2242 vitulum
1096 2197 1163 2242 non
1194 2197 1270 2242 con-

224 2275 385 2356 flaverint,
424 2282 459 2342 et
483 2277 574 2343 volut
611 2299 671 2365 pro
708 2277 780 2343 Deo
817 2299 886 2343 non
924 2279 1151 2358 adoraverint3
1189 2280 1270 2346 dnm

224 2379 477 2445 conventionum
515 2385 550 2446 et
586 2379 681 2446 bones
726 2379 805 2446 fidei
844 2383 1096 2467 promissionum
1130 2383 1270 2448 veritate

224 2486 259 2547 et
280 2481 473 2547 sacramenti
496 2481 652 2570 religione
678 2481 807 2560 relictis,
832 2488 885 2548 tot
907 2481 1042 2549 frivolas
1064 2485 1271 2570 exceptiones

224 2589 258 2648 et
295 2581 539 2670 appellationes,
578 2589 630 2650 tot
674 2585 909 2674 figmentorum
946 2585 1179 2666 cavillationes,
1217 2590 1271 2653 tot

224 2683 361 2772 diffugia
383 2685 497 2752 illicita
530 2685 566 2751 in
600 2685 710 2774 ignem
732 2687 879 2754 ardentis
901 2687 1054 2754 desiderii
1077 2711 1270 2776 quocunque

224 2787 320 2852 modo
352 2809 386 2853 se
417 2787 613 2854 defendendi
643 2795 875 2877 congessenmt
909 2795 943 2856 et
978 2789 1270 2877 coadjuvoverunt,

224 2893 258 2955 et
279 2890 374 2955 velut
395 2911 438 2955 ex
468 2889 519 2955 his
541 2891 707 2957 vitulum²
729 2889 926 2958 conflatilem
959 2915 1018 2979 pro
1049 2915 1128 2958 vera
1160 2893 1271 2959 defen·

224 2993 312 3057 sione
328 2991 548 3058 excoluerunt.
572 2991 744 3079 Numquid
766 2993 879 3080 itaque
901 2993 988 3059 zelus
1003 2993 1128 3081 Moysis
1149 2993 1273 3082 poterit

223 3115 291 3158 non
312 3097 478 3182 percutere
511 3095 548 3159 in
581 3094 691 3182 gladio
714 3116 825 3161 omnes
855 3095 1044 3182 hujusmodi
1071 3096 1269 3175 conflatores,

223 3197 257 3260 et
279 3195 371 3261 velut
394 3197 473 3262 idoli
495 3218 555 3284 pro
576 3197 726 3277 veritate,
754 3219 791 3263 ao
821 3197 866 3263 sio
896 3219 955 3285 pro
977 3197 1048 3262 Deo
1071 3199 1127 3285 qui
1149 3197 1271 3264 veritas

208 3303 282 3388 test,
306 3299 444 3364 cultores
467 3303 501 3364 et
522 3300 726 3366 adoratores?
770 3299 942 3385 Numquid
957 3321 1024 3365 non
1046 3319 1173 3366 moereo
1188 3321 1270 3367 meos

224 3399 425 3466 emesecrabe‘t
453 3407 493 3466 ut
524 3399 786 3466 benedictionem
819 3399 977 3486 accipiet,
1013 3401 1049 3464 in
1080 3424 1135 3467 ore
1164 3403 1268 3490 gladii

223 3503 305 3568 tales
342 3502 532 3569 occidendoi
587 3501 803 3569 Proculdubio
837 3504 996 3568 veraciter
1032 3503 1163 3589 Moyses
1199 3527 1267 3570 non

224 3605 296 3682 erit,
320 3603 412 3689 cujus
433 3626 567 3670 manum
596 3605 633 3669 in
661 3604 722 3670 hac
744 3609 837 3692 porte
858 3605 1075 3670 mansuetudo
1097 3627 1155 3672 seu
1175 3629 1268 3672 amor

222 3705 277 3771 vel
299 3705 388 3772 uliud
411 3707 585 3793 quicquam
607 3706 796 3786 retraxerit3
819 3707 876 3772 sed
898 3707 1014 3772 timere
1036 3709 1159 3793 poterit
1181 3707 1269 3795 qnod

224 3807 380 3895 scriptum
403 3814 462 3890 est,
494 3807 699 3874 Maledictus
720 3805 782 3896 qui
809 3807 963 3894 prohibet
982 3809 1143 3894 plautium
1164 3832 1269 3876 suum
1280 3821 1334 3874 Jer.
1345 3822 1426 3874 xlviii.

223 3931 247 3974 u
278 3910 456 3995 cmcpwiee.
503 3909 674 3997 Numquid
703 3933 770 3976 non
793 3909 873 3976 Heli
902 3912 1048 3977 sacerdos
1077 3913 1269 3999 reprobatus
1282 3895 1320 3941 ¹⁰·

224 4016 330 4077 estet
353 4011 594 4090 condemnatus,
628 4035 665 4078 eo
698 4014 785 4099 quod
807 4011 893 4078 filios
924 4012 1149 4101 delinquentes
1169 4016 1269 4080 nimis

223 4113 355 4180 remisse
378 4115 553 4202 corripuiti
598 4115 769 4201 Numquid
798 4137 865 4181 non
887 4138 946 4182 vos
968 4117 1074 4183 vicem
1095 4119 1269 4184 sacerdotis

222 4221 258 4282 et
280 4217 383 4302 patris
405 4216 448 4282 ad
469 4207 597 4282 nostros
612 4217 814 4283 adversarios
836 4220 920 4284 sicut
942 4222 977 4284 et
999 4219 1042 4284 ad
1063 4241 1123 4285 nos
1137 4220 1269 4306 geritis?

224 4317 368 4383 Omnino
391 4319 522 4404 quidem
556 4318 670 4405 geritis
702 4319 782 4384 dum
804 4319 875 4386 viee
906 4326 942 4386 et
974 4321 1169 4386 auctoritate
1194 4320 1269 4386 fun·

223 4419 341 4508 glmini
363 4420 482 4485 summi
505 4420 682 4486 Pontificis.
729 4419 809 4486 Saul
838 4421 1031 4509 reprobatus
1053 4427 1103 4488 est
1124 4428 1158 4488 et
1179 4424 1269 4510 regia

223 4522 386 4610 dignitate
408 4523 564 4610 privatus,
588 4523 666 4610 quia
695 4525 764 4610 regi
786 4523 888 4610 Apup
902 4531 933 4590 et
954 4522 1095 4609 optimis
1112 4524 1268 4610 propitia
1279 4533 1426 4656 gennae

259 4739 650 4809 ¹eu1vrgrnetrrsrnsxoo.
750 4739 756 4806 ι
802 4743 941 4810 ‘cam
959 4741 1217 4808 tannecum.
1328 4811 1331 4816 ,

1020 4862 1076 4926 Τ6
1094 4887 1133 4922 e-
