3500 5784
720 873 899 925 EPISTOLAE.
1137 897 1140 906 ·
1271 861 1333 923 lll

287 1046 379 1132 giosi,
402 1046 519 1112 situle
542 1045 668 1134 aliquid
689 1049 761 1113 ausi
783 1047 909 1114 fuerint
937 1049 1143 1132 attemptare.
1189 1045 1337 1111 Plurima

288 1153 367 1214 sunt
393 1149 494 1214 etiam
528 1150 595 1215 alia
618 1149 791 1216 Oanonum
824 1150 903 1228 loca,
927 1171 1001 1236 quse
1022 1169 1083 1214 vos
1120 1153 1155 1214 et
1186 1153 1336 1214 vestrum

288 1250 461 1315 concilim
482 1250 784 1339 incomparabiliter
807 1251 925 1316 melius
954 1250 1094 1316 novistis
1123 1271 1222 1336 quam
1253 1271 1337 1337 ego;

288 1353 324 1416 in
354 1353 475 1439 quibus
507 1355 679 1420 evidenter
709 1353 903 1440 prohibetur
934 1374 1003 1418 non
1033 1351 1138 1417 solum
1169 1351 1335 1438 religiosis,

288 1455 468 1522 sedetiam
490 1457 623 1538 clericis,
646 1479 688 1522 ne
710 1457 838 1544 judices
860 1477 919 1523 scu
940 1457 1123 1543 cognitores
1145 1455 1336 1522 secularium

287 1559 492 1644 negotiorum
531 1559 686 1641 existant,
724 1582 767 1625 ne
804 1559 915 1645 aliqua
951 1560 1162 1646 occupatione
1208 1579 1338 1645 prorsus

288 1661 465 1726 mundialis
509 1663 634 1748 negotii
685 1661 902 1728 inveniantur
945 1660 1100 1748 perplexi
1168 1659 1338 1741 Quomodo

288 1762 391 1848 igitur
412 1763 549 1829 abbates
571 1764 712 1830 officium
739 1763 932 1850 justitiariae
954 1763 1108 1829 secrrlaris
1141 1768 1337 1841 exercentes,

289 1885 326 1930 ac
347 1887 406 1952 per
427 1865 489 1931 hoc
512 1865 684 1932 (lenonum
706 1867 874 1932 institutis
900 1866 1135 1945 inobedientes,
1159 1866 1197 1931 in
1226 1867 1288 1931 hoo
1318 1887 1339 1930 a

288 1973 420 2053 peccato
457 1969 524 2034 sint
562 1970 731 2050 immunes,
770 1989 978 2055 nequaquam
1014 1969 1120 2034 video.
1180 1969 1339 2049 Quinimo

289 2070 389 2134 etiam
421 2069 553 2136 clericos
588 2091 797 2157 quoscunque
834 2069 921 2135 infra
957 2091 1064 2136 sacros
1096 2069 1227 2136 ordines
1263 2091 1339 2134 con-

288 2171 424 2236 stitutos
445 2171 482 2236 in
511 2173 572 2238 hoc
594 2193 671 2238 casu
702 2195 723 2236 o
753 2172 889 2237 crimine
920 2170 1152 2238 inobedientiae
1184 2193 1339 2238 excusare

289 2275 404 2339 nescio.
450 2273 615 2340 Videntur
644 2275 745 2340 etiam
776 2273 893 2352 clerici,
926 2275 993 2359 qui,
1025 2295 1101 2339 cum
1131 2273 1339 2361 impetuntur

289 2375 326 2438 in
356 2376 483 2442 actione
505 2376 677 2462 personali,
701 2376 869 2442 subiciunt
903 2397 938 2441 se
966 2375 1092 2461 judicio
1129 2375 1244 2455 laicali,
1280 2399 1339 2463 per

289 2477 520 2545 inobedientiae
543 2477 700 2544 delictum
721 2483 756 2544 ct
778 2477 941 2544 libertatis
959 2477 1101 2544 ecclesiae
1116 2479 1337 2557 violationem,

290 2580 460 2645 manifeste
497 2602 651 2668 pcccarc3
685 2601 759 2645 cum
795 2578 945 2646 Oauoues
975 2580 1174 2666 prohibeant
1208 2579 1339 2646 clericos
1352 2608 1449 2661 cml,

172 2756 178 2765 Ι
290 2681 379 2766 apud
404 2681 581 2748 secularem
607 2681 753 2767 judicem
788 2680 940 2759 accusari,
973 2686 1008 2746 et
1039 2703 1061 2746 a
1093 2681 1224 2747 nemine
1257 2681 1340 2746 laico
1353 2675 1471 2743 Carmag.

292 2783 464 2869 dijudicari
486 2805 578 2871 posse
609 2783 782 2861 affirment,
807 2804 947 2870 eumque
969 2783 1027 2869 qui
1057 2783 1218 2848 caelestem
1251 2741 1472 2873 mili-ampiii'

290 2891 359 2951 tem
403 2885 522 2972 pulset,
561 2907 628 2952 non
673 2885 738 2950 nisi
790 2885 860 2971 ejus
905 2885 1023 2950 debere
1059 2884 1169 2950 forum
1212 2884 1338 2966 sectari,
1352 2876 1496 3010 fflfgpx

291 2987 593 3076 plurimoquetalis
608 2985 777 3066 sancisnt¹,
800 2987 978 3072 exquibus
992 2985 1126 3052 videtur
1140 2985 1340 3052 sufficienter
1402 2980 1409 3005 ’
1457 2983 1463 2996 '
1500 2982 1505 2997 '

290 3111 385 3176 posse
407 3089 523 3176 colligi,
547 3090 635 3176 quod
665 3089 800 3155 clericus
823 3095 903 3154 ante
933 3087 1063 3154 civilem
1092 3088 1239 3174 judicem
1271 3109 1339 3153 non

291 3191 337 3256 sit
358 3191 632 3273 conveniendum,
662 3189 727 3255 nisi
763 3189 848 3256 forte
886 3195 1004 3276 agatur
1040 3189 1263 3277 principaliter
1298 3189 1339 3254 de
1409 3226 1413 3237 ι

182 3308 185 3314 ’
291 3293 385 3360 feodo
407 3293 522 3360 laicali

337 3395 374 3462 Si
404 3396 508 3483 igitur
537 3395 679 3482 religiosi
703 3400 837 3482 peccent
873 3395 1018 3460 seculare
1050 3394 1212 3481 judicium
1249 3404 1506 3461 exer-mouere-

292 3497 403 3579 cendo,
434 3503 469 3564 et
506 3497 613 3564 clerici
649 3499 686 3564 in
715 3497 899 3564 actionibus
929 3497 1155 3584 personalibus
1187 3498 1338 3576 accrrsati,
1352 3471 1459 3602 {m

292 3600 428 3664 seculari
459 3599 585 3685 judicio
622 3621 656 3664 so
693 3598 905 3680 subiciend03
928 3598 1078 3684 uunquid
1115 3605 1150 3664 et
1185 3621 1246 3664 nos
1282 3601 1340 3685 qui
1353 3605 1497 3726 σίᾳίρρςὲ·

292 3723 403 3768 curam
440 3722 553 3767 corum
590 3700 788 3787 pastoralem
826 3700 993 3781 habemus,
1029 3722 1097 3766 non
1127 3700 1338 3786 peccabimus,
1352 3680 1472 3740 mmngr

292 3805 393 3870 etiam
438 3803 536 3880 semel
581 3825 635 3869 eos
679 3803 740 3869 hoc
783 3804 881 3869 modo
924 3823 1055 3888 peccam
1098 3803 1341 3889 permittendo?

294 3907 455 3993 Nunquid
484 3906 513 3971 si
540 3906 601 3972 hoc
631 3904 686 3972 vel
718 3907 817 3972 semel
849 3907 1080 3993 permittimus,
1104 3927 1178 3970 cum
1210 3904 1340 3971 obstare

293 4011 452 4098 possimus
492 4009 583 4096 (licet
619 4007 703 4074 sorte
740 4029 808 4075 non
845 4007 917 4074 sine
949 4007 1123 4096 temporali
1155 4007 1339 4094 dispendio)

294 4135 361 4178 non
383 4112 504 4177 erimus
526 4111 611 4177 sicut
641 4131 756 4175 murus
787 4110 918 4177 dirutus
952 4116 987 4177 et
1007 4108 1161 4176 macario
1189 4109 1489 4194 depadoo,1’s.1xi.4.

294 4236 361 4280 non
397 4213 610 4300 suscipientes
647 4213 738 4298 prius
781 4233 842 4279 nec
885 4213 1079 4300 repellentes
1122 4211 1340 4299 petruriorum

293 4317 387 4393 ictus,
425 4315 483 4381 sed
519 4315 562 4381 ad
599 4313 687 4380 cives
722 4314 922 4397 occidendos,
958 4317 1017 4401 qui
1060 4314 1122 4381 sub
1159 4314 1341 4381 munimine

299 4541 329 4547 --
348 4541 830 4550 -υ--ι--ι--ῄ--π-
836 4545 862 4549 ....
876 4545 950 4549 —---
957 4543 1339 4551 ⁷———--—-———-—

560 4691 568 4724 ¹
584 4691 710 4759 cuacione]
729 4693 846 4756 sentiant,
855 4693 945 4745 C.G.C.

559 4772 771 4839 ’mmmmm
791 4774 950 4854 conveniens,
960 4770 1049 4825 C.O.C.
