3500 5784
512 832 580 897 3⁰4
834 846 981 897 nosmn
1003 846 1233 897 unossm'mrn

513 1021 551 1087 in
594 1022 737 1089 Domino
780 1020 846 1087 frui
886 1022 1031 1108 jocunde
1073 1027 1109 1089 ei
1151 1022 1336 1089 desiderate
1373 1022 1551 1111 praeseutiu
1689 1016 1690 1027 ’

512 1124 728 1191 libentimime
749 1145 847 1212 snper
876 1124 930 1191 his
959 1124 1126 1191 vobiscum
1157 1124 1408 1211 diligentissime
1437 1131 1553 1192 traete·

512 1248 641 1307 remus3
676 1248 752 1293 omn
796 1248 854 1314 per
898 1231 1048 1295 mutuom
1087 1226 1295 1293 nolletionem
1330 1226 1437 1295 multe
1472 1250 1552 1315 saepe

512 1333 658 1415 puteant,
695 1352 770 1415 quae
813 1352 873 1417 per
913 1351 949 1396 ss
992 1328 1125 1397 divisim
1169 1330 1386 1417 disquirentes
1422 1332 1553 1397 omniuo

511 1432 626 1499 latent.
682 1432 768 1499 (lum
801 1454 879 1499 vero
910 1454 977 1499 nou
1014 1433 1175 1520 possimus
1205 1430 1479 1519 praesentialiter¹
1514 1433 1552 1499 od

512 1556 654 1621 pnesens
674 1534 870 1617 eonvenire3
890 1534 1023 1601 affectet
1051 1538 1163 1601 nutem
1184 1540 1299 1601 nostru
1318 1534 1457 1614 effectio,
1479 1536 1553 1603 lieet

511 1636 632 1723 tepida,
655 1637 775 1724 vestris
803 1637 944 1725 negotiis
976 1642 1133 1724 tunquam
1164 1636 1283 1704 nostris
1313 1636 1460 1725 propriis,
1483 1660 1552 1703 mm

511 1740 602 1804 omni
634 1762 701 1827 que
732 1762 905 1827 possumus
937 1740 1111 1828 diligentia
1143 1740 1186 1805 ad
1219 1739 1284 1805 Dei
1317 1739 1551 1826 beneplnuitum

511 1842 731 1929 expediendis,
757 1842 938 1921 intendere,
961 1846 997 1909 et
1033 1842 1135 1907 freter
1155 1842 1232 1907 Adn
1265 1842 1306 1907 de
1329 1842 1475 1923 Mmisoo,
1499 1840 1551 1927 qui

510 1964 571 2010 vos
593 1946 631 2009 in
652 1946 796 2011 Domino
817 1946 942 2013 sineere
975 1944 1093 2031 diligit,
1127 1944 1244 2030 virque
1278 1944 1404 2031 sepiens
1436 1951 1487 2011 est
1521 1949 1551 2009 et

511 2047 656 2133 prudens
680 2052 716 2113 et
746 2046 816 2114 nelo
838 2047 955 2113 solutis
976 2046 1158 2111 nnimumm
1191 2046 1329 2127 fervens,
1350 2046 1395 2111 nd
1424 2068 1495 2126 nou
1516 2050 1551 2111 ut

511 2170 685 2236 speramus,
730 2150 766 2215 in
809 2150 871 2215 heo
915 2149 1054 2215 instanti
1092 2148 1289 2215 solennitate
1326 2146 1475 2214 Pasohuli
1510 2148 1551 2213 sit

510 2272 701 2329 secessurus,
733 2272 810 2317 oum
845 2272 910 2337 quo
944 2250 1131 2337 poterimus,
1169 2250 1199 2316 si
1234 2254 1347 2315 temen
1380 2251 1474 2315 vobis
1507 2250 1551 2315 iln
1689 2314 1690 2327 ,

510 2352 671 2431 videatur,
687 2374 784 2440 super
800 2353 967 2441 proedietis
989 2352 1108 2418 habere
1131 2351 1359 2433 oollntionem3
1381 2374 1440 2418 vos
1461 2373 1551 2439 rogn-

510 2474 584 2521 mus
621 2456 778 2541 quatinus
815 2477 890 2541 quae
935 2454 1090 2541 utrinque
1137 2454 1174 2518 in
1219 2455 1376 2540 praedioto
1422 2456 1551 2543 negotio
1689 2500 1690 2537 ι

509 2556 691 2623 eooideutio
711 2557 904 2645 vosmetipsi
925 2556 1080 2635 oonioitis,
1102 2556 1159 2642 qui
1181 2555 1340 2621 nimirum
1363 2556 1552 2644 diligentius
1689 2626 1690 2631 γ

509 2664 544 2725 et
565 2658 724 2725 efficacius
745 2661 831 2725 oiroe
863 2659 933 2724 hnc
955 2658 1131 2745 cogitastis,
1163 2657 1259 2723 nobis
1288 2658 1484 2739 rescribetis,
1506 2664 1550 2737 ul,
1689 2712 1690 2723 ,

508 2760 623 2827 habito
659 2784 734 2828 oum
778 2761 935 2849 praedioto
980 2761 1080 2827 fratre
1118 2760 1246 2827 Adsmo
1290 2782 1388 2848 super
1433 2761 1551 2827 eisdem
1689 2762 1690 2773 ³

507 2864 710 2950 diligentiori
746 2868 900 2941 tractatu,
938 2862 1033 2929 vobis
1069 2863 1237 2950 possimus,
1273 2864 1453 2929 consultius
1488 2886 1551 2931 non
1689 2918 1690 2953 ,

507 2964 580 3031 dioo
602 2966 639 3031 in
665 2967 727 3032 heo
747 2970 842 3052 purte
863 2965 1037 3043 eonsulere,
1061 2965 1119 3031 sed
1150 2966 1230 3051 quid
1263 2966 1359 3031 uobis
1392 2966 1550 3044 videatur,
1689 2960 1690 3025 l

506 3068 709 3155 respondere
753 3067 872 3135 Vuleot
894 3066 1077 3155 paternitas
1098 3072 1209 3133 vestro
1229 3066 1266 3133 in
1288 3068 1442 3135 Domino.

1012 3374 1048 3442 Ο.

382 3552 463 3601 ¹²⁴²?
508 3552 680 3637 Robenns,
702 3555 768 3623 Dei
791 3554 908 3642 prolia
929 3552 1186 3623 lincolniensis
1200 3550 1397 3643 Episcopns,
1422 3543 1554 3625 dilectis

595 3657 662 3725 sibi
677 3658 720 3725 in
736 3658 879 3736 Christo,
896 3657 1011 3746 finiri
1025 3658 1066 3722 M
1065 3656 1183 3723 antino
1198 3659 1321 3725 Priori
1331 3660 1554 3747 provinciali,

596 3764 646 3827 et'
671 3760 916 3847 diffinitoribus
953 3758 1100 3847 capituli
1132 3760 1365 3847 provinniolis
1393 3762 1553 3849 sinti-nm

591 3862 839 3949 proedictoinm
871 3862 1020 3949 Anplioe,
1052 3861 1144 3928 eolni
1131 3868 1204 3941 ient,
1238 3870 1268 3930 et
1300 3864 1476 3931 sinoeinnt
1512 3864 1554 3932 in

595 3966 746 4033 Domino
767 3964 924 4033 ealitotin
946 3970 1177 4050 onpnwntinn.

340 4125 497 4179 Pmmm
552 4122 717 4209 Sen‘ptum
739 4128 799 4204 est,
821 4121 873 4189 Ne
897 4120 992 4188 dions
1013 4124 1123 4188 omino
1145 4128 1213 4203 t,no
1229 4122 1314 4190 nodo
1335 4130 1365 4189 el
1387 4129 1554 4201 revertere,

341 4233 383 4284 He
369 4250 460 4286 e-eom
507 4228 537 4289 el
558 4246 633 4289 oros
662 4224 748 4291 dabo
779 4224 851 4303 tibi,
883 4244 963 4290 enm
995 4222 1113 4289 sintin
1141 4226 1252 4310 poesis
1285 4225 1390 4306 ἄφνω
1412 4226 1449 4290 in
1489 4250 1555 4312 quo

341 4300 465 4433 fflf‘
506 4325 678 4392 manifeste
712 4326 905 4405 ostenditur,
937 4326 1024 4412 quod
1061 4325 1205 4391 dationis
1241 4326 1357 4393 dilatio
1393 4334 1444 4394 est
1484 4328 1554 4394 doti

340 4430 1554 4629 {lisand-m
506 4426 700 4509 immoratio,
721 4450 760 4494 ao
781 4451 839 4515 per
860 4428 922 4493 hoo
943 4428 1132 4507 econtrario,
1155 4434 1366 4516 temporanea
1388 4436 1422 4495 et
1436 4452 1557 4518 oppor·

765 4726 845 4780 'MS
857 4728 941 4781 Oxou.
953 4727 1119 4781 haslosttwo
1129 4728 1213 4782 leaves
1222 4731 1289 4783 here
