<?xml version="1.0" encoding="UTF-8"?>
<!DOCTYPE html PUBLIC "-//W3C//DTD XHTML 1.0 Transitional//EN"
    "http://www.w3.org/TR/xhtml1/DTD/xhtml1-transitional.dtd">
<html xmlns="http://www.w3.org/1999/xhtml" xml:lang="en" lang="en">
 <head>
  <title>
</title>
<meta http-equiv="Content-Type" content="text/html;charset=utf-8" />
  <meta name='ocr-system' content='tesseract 3.04.00' />
  <meta name='ocr-capabilities' content='ocr_page ocr_carea ocr_par ocr_line ocrx_word'/>
</head>
<body>
  <div class='ocr_page' id='page_1' title='image "./robertigrossete00luargoog_0515.png"; bbox 0 0 3500 5784; ppageno 0'>
   <div class='ocr_carea' id='block_1_1' title="bbox 485 844 1207 917">
    <p class='ocr_par' dir='ltr' id='par_1_1' title="bbox 485 844 1207 917">
     <span class='ocr_line' id='line_1_1' title="bbox 485 844 1207 917; baseline 0.004 -7"><span class='ocrx_word' id='word_1_1' title='bbox 485 844 550 917; x_wconf 79' lang='lat'>372</span> <span class='ocrx_word' id='word_1_2' title='bbox 809 862 955 912; x_wconf 82' lang='lat' dir='ltr'>nonnum</span> <span class='ocrx_word' id='word_1_3' title='bbox 978 862 1207 913; x_wconf 82' lang='lat' dir='ltr'>unossurusru</span> 
     </span>
    </p>
   </div>
   <div class='ocr_carea' id='block_1_2' title="bbox 307 1034 1553 4393">
    <p class='ocr_par' dir='ltr' id='par_1_2' title="bbox 307 1034 1553 4393">
     <span class='ocr_line' id='line_1_2' title="bbox 484 1034 1535 1123; baseline -0.004 -22"><span class='ocrx_word' id='word_1_4' title='bbox 484 1056 612 1123; x_wconf 89' lang='lat' dir='ltr'>ponere,</span> <span class='ocrx_word' id='word_1_5' title='bbox 657 1058 848 1123; x_wconf 75' lang='lat' dir='ltr'>praeponens</span> <span class='ocrx_word' id='word_1_6' title='bbox 900 1058 1012 1103; x_wconf 85' lang='lat' dir='ltr'>earum</span> <span class='ocrx_word' id='word_1_7' title='bbox 1057 1037 1196 1102; x_wconf 87' lang='lat' dir='ltr'>salutem</span> <span class='ocrx_word' id='word_1_8' title='bbox 1248 1042 1404 1102; x_wconf 82' lang='lat' dir='ltr'>aeternam</span> <span class='ocrx_word' id='word_1_9' title='bbox 1450 1034 1535 1097; x_wconf 78' lang='lat' dir='ltr'>vitae</span> 
     </span>
     <span class='ocr_line' id='line_1_3' title="bbox 484 1136 1533 1226; baseline -0.004 -24"><span class='ocrx_word' id='word_1_10' title='bbox 484 1138 624 1225; x_wconf 80' lang='lat' dir='ltr'>propriae</span> <span class='ocrx_word' id='word_1_11' title='bbox 645 1140 825 1225; x_wconf 80' lang='lat' dir='ltr'>temporali,</span> <span class='ocrx_word' id='word_1_12' title='bbox 850 1140 908 1225; x_wconf 88' lang='lat' dir='ltr'>qui</span> <span class='ocrx_word' id='word_1_13' title='bbox 930 1140 1030 1205; x_wconf 81' lang='lat' dir='ltr'>etium</span> <span class='ocrx_word' id='word_1_14' title='bbox 1062 1138 1219 1226; x_wconf 83' lang='lat' dir='ltr'>superiori</span> <span class='ocrx_word' id='word_1_15' title='bbox 1241 1136 1373 1225; x_wconf 85' lang='lat' dir='ltr'>pastori,</span> <span class='ocrx_word' id='word_1_16' title='bbox 1395 1137 1433 1200; x_wconf 93' lang='lat' dir='ltr'>in</span> <span class='ocrx_word' id='word_1_17' title='bbox 1464 1156 1533 1221; x_wconf 93' lang='lat' dir='ltr'>quo</span> 
     </span>
     <span class='ocr_line' id='line_1_4' title="bbox 483 1238 1531 1328; baseline -0.004 -24"><span class='ocrx_word' id='word_1_18' title='bbox 483 1239 553 1326; x_wconf 88' lang='lat' dir='ltr'>ipse</span> <span class='ocrx_word' id='word_1_19' title='bbox 590 1246 639 1307; x_wconf 87' lang='lat' dir='ltr'>est</span> <span class='ocrx_word' id='word_1_20' title='bbox 676 1248 796 1328; x_wconf 84' lang='lat' dir='ltr'>pastor,</span> <span class='ocrx_word' id='word_1_21' title='bbox 820 1240 919 1307; x_wconf 88' lang='lat' dir='ltr'>debet</span> <span class='ocrx_word' id='word_1_22' title='bbox 952 1242 992 1307; x_wconf 93' lang='lat' dir='ltr'>de</span> <span class='ocrx_word' id='word_1_23' title='bbox 1030 1240 1147 1307; x_wconf 86' lang='lat' dir='ltr'>ovibus</span> <span class='ocrx_word' id='word_1_24' title='bbox 1180 1240 1332 1307; x_wconf 84' lang='lat' dir='ltr'>omnibns</span> <span class='ocrx_word' id='word_1_25' title='bbox 1367 1238 1531 1304; x_wconf 86' lang='lat' dir='ltr'>rationem</span> 
     </span>
     <span class='ocr_line' id='line_1_5' title="bbox 483 1342 1531 1432; baseline -0.004 -24"><span class='ocrx_word' id='word_1_26' title='bbox 483 1343 626 1421; x_wconf 83' lang='lat' dir='ltr'>reddere,</span> <span class='ocrx_word' id='word_1_27' title='bbox 664 1345 793 1431; x_wconf 89' lang='lat' dir='ltr'>qualem</span> <span class='ocrx_word' id='word_1_28' title='bbox 830 1351 992 1432; x_wconf 74' lang='lat' dir='ltr'>pastorem</span> <span class='ocrx_word' id='word_1_29' title='bbox 1029 1349 1158 1410; x_wconf 85' lang='lat' dir='ltr'>constat</span> <span class='ocrx_word' id='word_1_30' title='bbox 1186 1343 1311 1409; x_wconf 91' lang='lat' dir='ltr'>bonum</span> <span class='ocrx_word' id='word_1_31' title='bbox 1344 1342 1531 1429; x_wconf 84' lang='lat' dir='ltr'>episcopum</span> 
     </span>
     <span class='ocr_line' id='line_1_6' title="bbox 483 1444 1532 1535; baseline -0.002 -25"><span class='ocrx_word' id='word_1_32' title='bbox 483 1468 560 1524; x_wconf 87' lang='lat' dir='ltr'>esse,</span> <span class='ocrx_word' id='word_1_33' title='bbox 583 1447 738 1533; x_wconf 88' lang='lat' dir='ltr'><strong>nunquid</strong></span> <span class='ocrx_word' id='word_1_34' title='bbox 759 1469 826 1513; x_wconf 92' lang='lat' dir='ltr'>non</span> <span class='ocrx_word' id='word_1_35' title='bbox 860 1452 971 1535; x_wconf 87' lang='lat' dir='ltr'>potest</span> <span class='ocrx_word' id='word_1_36' title='bbox 993 1446 1033 1512; x_wconf 90' lang='lat' dir='ltr'>de</span> <span class='ocrx_word' id='word_1_37' title='bbox 1060 1448 1136 1533; x_wconf 87' lang='lat' dir='ltr'>jure</span> <span class='ocrx_word' id='word_1_38' title='bbox 1169 1469 1224 1513; x_wconf 87' lang='lat' dir='ltr'>eas</span> <span class='ocrx_word' id='word_1_39' title='bbox 1251 1468 1362 1512; x_wconf 87' lang='lat' dir='ltr'>omnes</span> <span class='ocrx_word' id='word_1_40' title='bbox 1384 1444 1532 1518; x_wconf 70' lang='lat' dir='ltr'>visitare,</span> 
     </span>
     <span class='ocr_line' id='line_1_7' title="bbox 482 1544 1531 1636; baseline -0.005 -22"><span class='ocrx_word' id='word_1_41' title='bbox 482 1570 555 1613; x_wconf 88' lang='lat' dir='ltr'>oum</span> <span class='ocrx_word' id='word_1_42' title='bbox 579 1548 694 1615; x_wconf 66' lang='lat' dir='ltr'>minues</span> <span class='ocrx_word' id='word_1_43' title='bbox 716 1549 789 1615; x_wconf 76' lang='lat' dir='ltr'>aiut</span> <span class='ocrx_word' id='word_1_44' title='bbox 811 1549 882 1635; x_wconf 66' lang='lat' dir='ltr'>ejus</span> <span class='ocrx_word' id='word_1_45' title='bbox 903 1548 1082 1636; x_wconf 72' lang='lat' dir='ltr'>propriso?</span> <span class='ocrx_word' id='word_1_46' title='bbox 1104 1554 1164 1615; x_wconf 84' lang='lat' dir='ltr'>eut</span> <span class='ocrx_word' id='word_1_47' title='bbox 1191 1548 1342 1635; x_wconf 81' lang='lat' dir='ltr'><strong>nunquid</strong></span> <span class='ocrx_word' id='word_1_48' title='bbox 1363 1569 1430 1612; x_wconf 90' lang='lat' dir='ltr'>non</span> <span class='ocrx_word' id='word_1_49' title='bbox 1452 1544 1531 1610; x_wconf 86' lang='lat' dir='ltr'>vult</span> 
     </span>
     <span class='ocr_line' id='line_1_8' title="bbox 481 1648 1533 1738; baseline -0.003 -23"><span class='ocrx_word' id='word_1_50' title='bbox 481 1672 536 1715; x_wconf 84' lang='lat' dir='ltr'>aas</span> <span class='ocrx_word' id='word_1_51' title='bbox 557 1652 701 1730; x_wconf 86' lang='lat' dir='ltr'>visitare,</span> <span class='ocrx_word' id='word_1_52' title='bbox 725 1673 799 1717; x_wconf 91' lang='lat' dir='ltr'>oum</span> <span class='ocrx_word' id='word_1_53' title='bbox 821 1652 866 1717; x_wconf 88' lang='lat' dir='ltr'>sit</span> <span class='ocrx_word' id='word_1_54' title='bbox 888 1652 1045 1717; x_wconf 75' lang='lat' dir='ltr'>solicitior</span> <span class='ocrx_word' id='word_1_55' title='bbox 1067 1652 1108 1717; x_wconf 92' lang='lat' dir='ltr'>de</span> <span class='ocrx_word' id='word_1_56' title='bbox 1131 1674 1243 1717; x_wconf 87' lang='lat' dir='ltr'>earum</span> <span class='ocrx_word' id='word_1_57' title='bbox 1266 1672 1364 1738; x_wconf 77' lang='lat' dir='ltr'>quem</span> <span class='ocrx_word' id='word_1_58' title='bbox 1386 1648 1427 1714; x_wconf 91' lang='lat' dir='ltr'>de</span> <span class='ocrx_word' id='word_1_59' title='bbox 1449 1648 1533 1713; x_wconf 77' lang='lat' dir='ltr'>vitae</span> 
     </span>
     <span class='ocr_line' id='line_1_9' title="bbox 481 1751 1532 1841; baseline -0.003 -24"><span class='ocrx_word' id='word_1_60' title='bbox 481 1775 550 1819; x_wconf 87' lang='lat' dir='ltr'>auae</span> <span class='ocrx_word' id='word_1_61' title='bbox 571 1754 761 1841; x_wconf 82' lang='lat' dir='ltr'>temporalis</span> <span class='ocrx_word' id='word_1_62' title='bbox 783 1753 909 1819; x_wconf 73' lang='lat' dir='ltr'>salutet</span> <span class='ocrx_word' id='word_1_63' title='bbox 953 1754 1025 1818; x_wconf 89' lang='lat' dir='ltr'>Aut</span> <span class='ocrx_word' id='word_1_64' title='bbox 1057 1754 1209 1840; x_wconf 91' lang='lat' dir='ltr'>nunquid</span> <span class='ocrx_word' id='word_1_65' title='bbox 1243 1754 1359 1820; x_wconf 88' lang='lat' dir='ltr'>saltem</span> <span class='ocrx_word' id='word_1_66' title='bbox 1397 1751 1532 1838; x_wconf 82' lang='lat' dir='ltr'>quando</span> 
     </span>
     <span class='ocr_line' id='line_1_10' title="bbox 481 1854 1529 1943; baseline -0.007 -21"><span class='ocrx_word' id='word_1_67' title='bbox 481 1860 589 1942; x_wconf 86' lang='lat' dir='ltr'>potest</span> <span class='ocrx_word' id='word_1_68' title='bbox 611 1860 800 1943; x_wconf 87' lang='lat' dir='ltr'>opportune,</span> <span class='ocrx_word' id='word_1_69' title='bbox 823 1876 891 1921; x_wconf 89' lang='lat' dir='ltr'>non</span> <span class='ocrx_word' id='word_1_70' title='bbox 922 1854 1145 1941; x_wconf 81' lang='lat' dir='ltr'>praepeditus¹</span> <span class='ocrx_word' id='word_1_71' title='bbox 1169 1854 1284 1941; x_wconf 84' lang='lat' dir='ltr'>majori</span> <span class='ocrx_word' id='word_1_72' title='bbox 1306 1854 1529 1941; x_wconf 78' lang='lat' dir='ltr'>occupatione,</span> 
     </span>
     <span class='ocr_line' id='line_1_11' title="bbox 480 1956 1530 2049; baseline -0.004 -27"><span class='ocrx_word' id='word_1_73' title='bbox 480 1978 547 2023; x_wconf 93' lang='lat' dir='ltr'>non</span> <span class='ocrx_word' id='word_1_74' title='bbox 583 1958 683 2023; x_wconf 84' lang='lat' dir='ltr'>habet</span> <span class='ocrx_word' id='word_1_75' title='bbox 713 1979 842 2023; x_wconf 83' lang='lat' dir='ltr'>necesse</span> <span class='ocrx_word' id='word_1_76' title='bbox 872 1978 926 2022; x_wconf 82' lang='lat' dir='ltr'>eus</span> <span class='ocrx_word' id='word_1_77' title='bbox 955 1956 1099 2037; x_wconf 83' lang='lat' dir='ltr'>visitare,</span> <span class='ocrx_word' id='word_1_78' title='bbox 1131 1980 1205 2023; x_wconf 89' lang='lat' dir='ltr'>oum</span> <span class='ocrx_word' id='word_1_79' title='bbox 1235 1962 1388 2049; x_wconf 88' lang='lat' dir='ltr'>teneatur</span> <span class='ocrx_word' id='word_1_80' title='bbox 1417 1956 1458 2021; x_wconf 88' lang='lat' dir='ltr'>de</span> <span class='ocrx_word' id='word_1_81' title='bbox 1480 1956 1530 2019; x_wconf 89' lang='lat' dir='ltr'>eis</span> 
     </span>
     <span class='ocr_line' id='line_1_12' title="bbox 478 2058 1531 2145; baseline -0.001 -21"><span class='ocrx_word' id='word_1_82' title='bbox 478 2060 640 2126; x_wconf 85' lang='lat' dir='ltr'>rationem</span> <span class='ocrx_word' id='word_1_83' title='bbox 673 2060 807 2125; x_wconf 89' lang='lat' dir='ltr'>reddere</span> <span class='ocrx_word' id='word_1_84' title='bbox 830 2059 880 2136; x_wconf 85' lang='lat' dir='ltr'>Ei,</span> <span class='ocrx_word' id='word_1_85' title='bbox 903 2059 1065 2138; x_wconf 87' lang='lat' dir='ltr'>videlicet,</span> <span class='ocrx_word' id='word_1_86' title='bbox 1090 2081 1186 2145; x_wconf 88' lang='lat' dir='ltr'>quem</span> <span class='ocrx_word' id='word_1_87' title='bbox 1209 2082 1268 2126; x_wconf 88' lang='lat' dir='ltr'>neo</span> <span class='ocrx_word' id='word_1_88' title='bbox 1290 2059 1361 2125; x_wconf 87' lang='lat' dir='ltr'>ovis</span> <span class='ocrx_word' id='word_1_89' title='bbox 1381 2058 1531 2124; x_wconf 89' lang='lat' dir='ltr'>minimae</span> 
     </span>
     <span class='ocr_line' id='line_1_13' title="bbox 478 2162 1530 2249; baseline -0.001 -24"><span class='ocrx_word' id='word_1_90' title='bbox 478 2163 538 2248; x_wconf 92' lang='lat' dir='ltr'>pili</span> <span class='ocrx_word' id='word_1_91' title='bbox 561 2163 689 2227; x_wconf 89' lang='lat' dir='ltr'>minimi</span> <span class='ocrx_word' id='word_1_92' title='bbox 711 2162 893 2249; x_wconf 88' lang='lat' dir='ltr'>deperditio</span> <span class='ocrx_word' id='word_1_93' title='bbox 915 2168 1023 2248; x_wconf 87' lang='lat' dir='ltr'>potest</span> <span class='ocrx_word' id='word_1_94' title='bbox 1036 2162 1149 2243; x_wconf 86' lang='lat' dir='ltr'>latere,</span> <span class='ocrx_word' id='word_1_95' title='bbox 1165 2163 1222 2249; x_wconf 90' lang='lat' dir='ltr'>qui</span> <span class='ocrx_word' id='word_1_96' title='bbox 1237 2185 1296 2229; x_wconf 88' lang='lat' dir='ltr'>nec</span> <span class='ocrx_word' id='word_1_97' title='bbox 1310 2162 1530 2249; x_wconf 86' lang='lat' dir='ltr'>perditionem</span> 
     </span>
     <span class='ocr_line' id='line_1_14' title="bbox 478 2263 1530 2352; baseline -0.002 -23"><span class='ocrx_word' id='word_1_98' title='bbox 478 2263 562 2330; x_wconf 89' lang='lat' dir='ltr'>hano</span> <span class='ocrx_word' id='word_1_99' title='bbox 585 2266 831 2351; x_wconf 83' lang='lat' dir='ltr'>contingentem</span> <span class='ocrx_word' id='word_1_100' title='bbox 845 2286 904 2351; x_wconf 91' lang='lat' dir='ltr'>per</span> <span class='ocrx_word' id='word_1_101' title='bbox 924 2264 1064 2350; x_wconf 85' lang='lat' dir='ltr'>pastoris</span> <span class='ocrx_word' id='word_1_102' title='bbox 1078 2265 1314 2352; x_wconf 82' lang='lat' dir='ltr'>negligentiam</span> <span class='ocrx_word' id='word_1_103' title='bbox 1328 2264 1530 2351; x_wconf 84' lang='lat' dir='ltr'>impunitum</span> 
     </span>
     <span class='ocr_line' id='line_1_15' title="bbox 478 2365 1530 2454; baseline -0.003 -23"><span class='ocrx_word' id='word_1_104' title='bbox 478 2366 553 2431; x_wconf 90' lang='lat' dir='ltr'>vult</span> <span class='ocrx_word' id='word_1_105' title='bbox 574 2367 763 2454; x_wconf 84' lang='lat' dir='ltr'>relinquere,</span> <span class='ocrx_word' id='word_1_106' title='bbox 786 2388 861 2431; x_wconf 90' lang='lat' dir='ltr'>oum</span> <span class='ocrx_word' id='word_1_107' title='bbox 884 2366 1065 2453; x_wconf 84' lang='lat' dir='ltr'>quamlibet</span> <span class='ocrx_word' id='word_1_108' title='bbox 1087 2366 1198 2432; x_wconf 88' lang='lat' dir='ltr'>ovium</span> <span class='ocrx_word' id='word_1_109' title='bbox 1222 2367 1268 2433; x_wconf 88' lang='lat' dir='ltr'>sio</span> <span class='ocrx_word' id='word_1_110' title='bbox 1289 2367 1415 2452; x_wconf 83' lang='lat' dir='ltr'>diliget,</span> <span class='ocrx_word' id='word_1_111' title='bbox 1438 2365 1530 2451; x_wconf 91' lang='lat' dir='ltr'>quod</span> 
     </span>
     <span class='ocr_line' id='line_1_16' title="bbox 478 2467 1530 2555; baseline 0 -22"><span class='ocrx_word' id='word_1_112' title='bbox 478 2469 658 2554; x_wconf 87' lang='lat' dir='ltr'>quamlibet</span> <span class='ocrx_word' id='word_1_113' title='bbox 688 2467 827 2533; x_wconf 74' lang='lat' dir='ltr'>emerit⁹</span> <span class='ocrx_word' id='word_1_114' title='bbox 848 2473 921 2535; x_wconf 90' lang='lat' dir='ltr'>toto</span> <span class='ocrx_word' id='word_1_115' title='bbox 951 2468 1057 2555; x_wconf 89' lang='lat' dir='ltr'>pretio</span> <span class='ocrx_word' id='word_1_116' title='bbox 1087 2491 1154 2535; x_wconf 81' lang='lat' dir='ltr'>susc</span> <span class='ocrx_word' id='word_1_117' title='bbox 1184 2469 1264 2535; x_wconf 80' lang='lat' dir='ltr'>vitae</span> <span class='ocrx_word' id='word_1_118' title='bbox 1286 2468 1530 2555; x_wconf 68' lang='lat' dir='ltr'>pretiosissimas</span> 
     </span>
     <span class='ocr_line' id='line_1_17' title="bbox 478 2569 1529 2657; baseline -0.002 -22"><span class='ocrx_word' id='word_1_119' title='bbox 478 2570 610 2636; x_wconf 79' lang='lat' dir='ltr'>traditos</span> <span class='ocrx_word' id='word_1_120' title='bbox 641 2572 739 2637; x_wconf 87' lang='lat' dir='ltr'>morti</span> <span class='ocrx_word' id='word_1_121' title='bbox 770 2569 968 2657; x_wconf 87' lang='lat' dir='ltr'>turpissimae</span> <span class='ocrx_word' id='word_1_122' title='bbox 1002 2576 1036 2636; x_wconf 89' lang='lat' dir='ltr'>et</span> <span class='ocrx_word' id='word_1_123' title='bbox 1068 2572 1306 2637; x_wconf 70' lang='lat' dir='ltr'>acerbissimae?</span> <span class='ocrx_word' id='word_1_124' title='bbox 1350 2572 1424 2636; x_wconf 92' lang='lat' dir='ltr'>Imo</span> <span class='ocrx_word' id='word_1_125' title='bbox 1446 2570 1529 2655; x_wconf 86' lang='lat' dir='ltr'>quid</span> 
     </span>
     <span class='ocr_line' id='line_1_18' title="bbox 477 2672 1529 2761; baseline 0 -24"><span class='ocrx_word' id='word_1_126' title='bbox 477 2672 567 2737; x_wconf 89' lang='lat' dir='ltr'>aliud</span> <span class='ocrx_word' id='word_1_127' title='bbox 590 2674 626 2737; x_wconf 93' lang='lat' dir='ltr'>in</span> <span class='ocrx_word' id='word_1_128' title='bbox 648 2672 709 2738; x_wconf 82' lang='lat' dir='ltr'>huo</span> <span class='ocrx_word' id='word_1_129' title='bbox 730 2678 825 2760; x_wconf 86' lang='lat' dir='ltr'>parte</span> <span class='ocrx_word' id='word_1_130' title='bbox 848 2672 1073 2759; x_wconf 77' lang='lat' dir='ltr'>credipotest,</span> <span class='ocrx_word' id='word_1_131' title='bbox 1098 2694 1196 2759; x_wconf 85' lang='lat' dir='ltr'>quam</span> <span class='ocrx_word' id='word_1_132' title='bbox 1229 2674 1316 2761; x_wconf 92' lang='lat' dir='ltr'>quod</span> <span class='ocrx_word' id='word_1_133' title='bbox 1338 2696 1382 2739; x_wconf 83' lang='lat' dir='ltr'>ex</span> <span class='ocrx_word' id='word_1_134' title='bbox 1413 2673 1529 2738; x_wconf 85' lang='lat' dir='ltr'>debito</span> 
     </span>
     <span class='ocr_line' id='line_1_19' title="bbox 477 2775 1528 2861; baseline 0.002 -22"><span class='ocrx_word' id='word_1_135' title='bbox 477 2776 616 2841; x_wconf 87' lang='lat' dir='ltr'>rationis</span> <span class='ocrx_word' id='word_1_136' title='bbox 637 2775 812 2841; x_wconf 85' lang='lat' dir='ltr'>reddendae</span> <span class='ocrx_word' id='word_1_137' title='bbox 834 2798 894 2861; x_wconf 93' lang='lat' dir='ltr'>pro</span> <span class='ocrx_word' id='word_1_138' title='bbox 917 2776 1033 2841; x_wconf 86' lang='lat' dir='ltr'>ovibus</span> <span class='ocrx_word' id='word_1_139' title='bbox 1047 2775 1147 2841; x_wconf 86' lang='lat' dir='ltr'>habet</span> <span class='ocrx_word' id='word_1_140' title='bbox 1161 2797 1290 2842; x_wconf 86' lang='lat' dir='ltr'>necesse</span> <span class='ocrx_word' id='word_1_141' title='bbox 1312 2798 1367 2841; x_wconf 84' lang='lat' dir='ltr'>ees</span> <span class='ocrx_word' id='word_1_142' title='bbox 1381 2777 1528 2853; x_wconf 78' lang='lat' dir='ltr'>visitare,</span> 
     </span>
     <span class='ocr_line' id='line_1_20' title="bbox 477 2876 1553 2963; baseline 0.001 -22"><span class='ocrx_word' id='word_1_143' title='bbox 477 2877 620 2943; x_wconf 84' lang='lat' dir='ltr'>maxima</span> <span class='ocrx_word' id='word_1_144' title='bbox 642 2878 679 2954; x_wconf 90' lang='lat' dir='ltr'>si,</span> <span class='ocrx_word' id='word_1_145' title='bbox 702 2882 862 2962; x_wconf 81' lang='lat' dir='ltr'>utsupra</span> <span class='ocrx_word' id='word_1_146' title='bbox 885 2876 1037 2955; x_wconf 83' lang='lat' dir='ltr'>diximus,</span> <span class='ocrx_word' id='word_1_147' title='bbox 1061 2900 1129 2943; x_wconf 95' lang='lat' dir='ltr'>non</span> <span class='ocrx_word' id='word_1_148' title='bbox 1159 2879 1204 2943; x_wconf 92' lang='lat' dir='ltr'>sit</span> <span class='ocrx_word' id='word_1_149' title='bbox 1234 2879 1387 2944; x_wconf 84' lang='lat' dir='ltr'>detentus</span> <span class='ocrx_word' id='word_1_150' title='bbox 1409 2878 1553 2963; x_wconf 77' lang='lat' dir='ltr'>majori·</span> 
     </span>
     <span class='ocr_line' id='line_1_21' title="bbox 476 2978 1528 3067; baseline -0.001 -22"><span class='ocrx_word' id='word_1_151' title='bbox 476 2981 707 3067; x_wconf 80' lang='lat' dir='ltr'>occupatione3</span> <span class='ocrx_word' id='word_1_152' title='bbox 730 2983 765 3043; x_wconf 86' lang='lat' dir='ltr'>ct</span> <span class='ocrx_word' id='word_1_153' title='bbox 787 2978 865 3063; x_wconf 87' lang='lat' dir='ltr'>quis</span> <span class='ocrx_word' id='word_1_154' title='bbox 897 2979 997 3045; x_wconf 80' lang='lat' dir='ltr'>hebet</span> <span class='ocrx_word' id='word_1_155' title='bbox 1019 2978 1080 3044; x_wconf 89' lang='lat' dir='ltr'>hoc</span> <span class='ocrx_word' id='word_1_156' title='bbox 1106 2980 1143 3044; x_wconf 93' lang='lat' dir='ltr'>in</span> <span class='ocrx_word' id='word_1_157' title='bbox 1165 2980 1366 3059; x_wconf 79' lang='lat' dir='ltr'>necessitate,</span> <span class='ocrx_word' id='word_1_158' title='bbox 1390 2986 1426 3045; x_wconf 87' lang='lat' dir='ltr'>et</span> <span class='ocrx_word' id='word_1_159' title='bbox 1447 2981 1528 3065; x_wconf 89' lang='lat' dir='ltr'>quia</span> 
     </span>
     <span class='ocr_line' id='line_1_22' title="bbox 476 3080 1527 3169; baseline 0 -22"><span class='ocrx_word' id='word_1_160' title='bbox 476 3102 549 3147; x_wconf 70' lang='lat' dir='ltr'>orrea</span> <span class='ocrx_word' id='word_1_161' title='bbox 563 3080 636 3166; x_wconf 81' lang='lat' dir='ltr'>ejus</span> <span class='ocrx_word' id='word_1_162' title='bbox 650 3088 733 3147; x_wconf 78' lang='lat' dir='ltr'>suut</span> <span class='ocrx_word' id='word_1_163' title='bbox 744 3080 907 3167; x_wconf 66' lang='lat' dir='ltr'>propotu,</span> <span class='ocrx_word' id='word_1_164' title='bbox 923 3086 1033 3166; x_wconf 87' lang='lat' dir='ltr'>potest</span> <span class='ocrx_word' id='word_1_165' title='bbox 1054 3104 1109 3147; x_wconf 82' lang='lat' dir='ltr'>css</span> <span class='ocrx_word' id='word_1_166' title='bbox 1124 3082 1258 3147; x_wconf 85' lang='lat' dir='ltr'>visitare</span> <span class='ocrx_word' id='word_1_167' title='bbox 1281 3082 1322 3147; x_wconf 88' lang='lat' dir='ltr'>de</span> <span class='ocrx_word' id='word_1_168' title='bbox 1340 3082 1423 3167; x_wconf 88' lang='lat' dir='ltr'>jure,</span> <span class='ocrx_word' id='word_1_169' title='bbox 1437 3084 1527 3169; x_wconf 93' lang='lat' dir='ltr'>quod</span> 
     </span>
     <span class='ocr_line' id='line_1_23' title="bbox 476 3182 1524 3270; baseline 0 -21"><span class='ocrx_word' id='word_1_170' title='bbox 476 3189 605 3250; x_wconf 87' lang='lat' dir='ltr'>constat</span> <span class='ocrx_word' id='word_1_171' title='bbox 635 3189 799 3270; x_wconf 81' lang='lat' dir='ltr'>pastorem</span> <span class='ocrx_word' id='word_1_172' title='bbox 830 3182 954 3247; x_wconf 88' lang='lat' dir='ltr'>bonum</span> <span class='ocrx_word' id='word_1_173' title='bbox 988 3183 1141 3248; x_wconf 80' lang='lat' dir='ltr'>ardenter</span> <span class='ocrx_word' id='word_1_174' title='bbox 1178 3184 1261 3249; x_wconf 88' lang='lat' dir='ltr'>velle</span> <span class='ocrx_word' id='word_1_175' title='bbox 1299 3184 1409 3261; x_wconf 73' lang='lat' dir='ltr'>focem,</span> <span class='ocrx_word' id='word_1_176' title='bbox 1449 3208 1524 3249; x_wconf 87' lang='lat' dir='ltr'>cum</span> 
     </span>
     <span class='ocr_line' id='line_1_24' title="bbox 475 3284 1528 3372; baseline 0.001 -21"><span class='ocrx_word' id='word_1_177' title='bbox 475 3308 587 3351; x_wconf 85' lang='lat' dir='ltr'>esrum</span> <span class='ocrx_word' id='word_1_178' title='bbox 609 3287 748 3351; x_wconf 88' lang='lat' dir='ltr'>salutem</span> <span class='ocrx_word' id='word_1_179' title='bbox 771 3294 942 3371; x_wconf 74' lang='lat' dir='ltr'>praeponat</span> <span class='ocrx_word' id='word_1_180' title='bbox 964 3286 1045 3351; x_wconf 83' lang='lat' dir='ltr'>vitae</span> <span class='ocrx_word' id='word_1_181' title='bbox 1076 3284 1215 3372; x_wconf 77' lang='lat' dir='ltr'>propriae</span> <span class='ocrx_word' id='word_1_182' title='bbox 1227 3310 1235 3365; x_wconf 84' lang='lat'>3</span> <span class='ocrx_word' id='word_1_183' title='bbox 1272 3294 1307 3351; x_wconf 88' lang='lat' dir='ltr'>et</span> <span class='ocrx_word' id='word_1_184' title='bbox 1329 3286 1407 3371; x_wconf 82' lang='lat' dir='ltr'>quio</span> <span class='ocrx_word' id='word_1_185' title='bbox 1429 3292 1528 3352; x_wconf 78' lang='lat' dir='ltr'>tante</span> 
     </span>
     <span class='ocr_line' id='line_1_25' title="bbox 475 3386 1527 3475; baseline 0 -22"><span class='ocrx_word' id='word_1_186' title='bbox 475 3388 636 3453; x_wconf 85' lang='lat' dir='ltr'>incumbit</span> <span class='ocrx_word' id='word_1_187' title='bbox 658 3388 845 3475; x_wconf 87' lang='lat' dir='ltr'>pastoribus</span> <span class='ocrx_word' id='word_1_188' title='bbox 867 3386 1026 3453; x_wconf 88' lang='lat' dir='ltr'>visitandi</span> <span class='ocrx_word' id='word_1_189' title='bbox 1051 3408 1182 3474; x_wconf 82' lang='lat' dir='ltr'>gregem</span> <span class='ocrx_word' id='word_1_190' title='bbox 1206 3388 1389 3467; x_wconf 76' lang='lat' dir='ltr'>necessitas,</span> <span class='ocrx_word' id='word_1_191' title='bbox 1414 3394 1527 3454; x_wconf 82' lang='lat' dir='ltr'>tenta-</span> 
     </span>
     <span class='ocr_line' id='line_1_26' title="bbox 476 3489 1527 3577; baseline 0 -22"><span class='ocrx_word' id='word_1_192' title='bbox 476 3511 540 3576; x_wconf 88' lang='lat' dir='ltr'>que</span> <span class='ocrx_word' id='word_1_193' title='bbox 562 3492 667 3555; x_wconf 87' lang='lat' dir='ltr'>inesse</span> <span class='ocrx_word' id='word_1_194' title='bbox 697 3490 796 3556; x_wconf 89' lang='lat' dir='ltr'>debet</span> <span class='ocrx_word' id='word_1_195' title='bbox 825 3491 988 3569; x_wconf 79' lang='lat' dir='ltr'>voluntas,</span> <span class='ocrx_word' id='word_1_196' title='bbox 1020 3512 1094 3555; x_wconf 90' lang='lat' dir='ltr'>cum</span> <span class='ocrx_word' id='word_1_197' title='bbox 1125 3491 1169 3553; x_wconf 84' lang='lat' dir='ltr'>sit</span> <span class='ocrx_word' id='word_1_198' title='bbox 1199 3489 1240 3555; x_wconf 92' lang='lat' dir='ltr'>de</span> <span class='ocrx_word' id='word_1_199' title='bbox 1264 3490 1341 3575; x_wconf 89' lang='lat' dir='ltr'>jure</span> <span class='ocrx_word' id='word_1_200' title='bbox 1371 3497 1527 3577; x_wconf 72' lang='lat' dir='ltr'>potestas,</span> 
     </span>
     <span class='ocr_line' id='line_1_27' title="bbox 476 3591 1525 3678; baseline 0 -21"><span class='ocrx_word' id='word_1_201' title='bbox 476 3592 668 3657; x_wconf 86' lang='lat' dir='ltr'>terribiliter</span> <span class='ocrx_word' id='word_1_202' title='bbox 690 3593 836 3657; x_wconf 87' lang='lat' dir='ltr'>minatur</span> <span class='ocrx_word' id='word_1_203' title='bbox 859 3591 1021 3657; x_wconf 85' lang='lat' dir='ltr'>Dominus</span> <span class='ocrx_word' id='word_1_204' title='bbox 1053 3591 1238 3678; x_wconf 83' lang='lat' dir='ltr'>pastoribus</span> <span class='ocrx_word' id='word_1_205' title='bbox 1269 3614 1336 3657; x_wconf 93' lang='lat' dir='ltr'>non</span> <span class='ocrx_word' id='word_1_206' title='bbox 1358 3593 1525 3659; x_wconf 84' lang='lat' dir='ltr'>visitanti·</span> 
     </span>
     <span class='ocr_line' id='line_1_28' title="bbox 309 3694 1526 3783; baseline 0.006 -29"><span class='ocrx_word' id='word_1_207' title='bbox 309 3703 409 3758; x_wconf 68' lang='lat' dir='ltr'>Mne.</span> <span class='ocrx_word' id='word_1_208' title='bbox 421 3708 456 3761; x_wconf 71' lang='lat' dir='ltr'>x&#39;u</span> <span class='ocrx_word' id='word_1_209' title='bbox 476 3695 548 3775; x_wconf 87' lang='lat' dir='ltr'>bus,</span> <span class='ocrx_word' id='word_1_210' title='bbox 571 3701 607 3760; x_wconf 89' lang='lat' dir='ltr'>et</span> <span class='ocrx_word' id='word_1_211' title='bbox 629 3716 697 3760; x_wconf 91' lang='lat' dir='ltr'>non</span> <span class='ocrx_word' id='word_1_212' title='bbox 710 3695 879 3760; x_wconf 86' lang='lat' dir='ltr'>visitando</span> <span class='ocrx_word' id='word_1_213' title='bbox 901 3716 1034 3782; x_wconf 84' lang='lat' dir='ltr'>gregem</span> <span class='ocrx_word' id='word_1_214' title='bbox 1049 3694 1320 3782; x_wconf 87' lang='lat' dir='ltr'>dispergentibus,</span> <span class='ocrx_word' id='word_1_215' title='bbox 1338 3696 1415 3781; x_wconf 83' lang='lat' dir='ltr'>quia</span> <span class='ocrx_word' id='word_1_216' title='bbox 1436 3696 1526 3783; x_wconf 78' lang='lat' dir='ltr'>qui³</span> 
     </span>
     <span class='ocr_line' id='line_1_29' title="bbox 308 3776 1523 3884; baseline 0.001 -20"><span class='ocrx_word' id='word_1_217' title='bbox 308 3776 349 3823; x_wconf 70' lang='lat'>²⁸·</span> <span class='ocrx_word' id='word_1_218' title='bbox 478 3817 702 3864; x_wconf 75' lang='lat' dir='ltr'>munecaton</span> <span class='ocrx_word' id='word_1_219' title='bbox 725 3795 854 3881; x_wconf 72' lang='lat' dir='ltr'>collipit</span> <span class='ocrx_word' id='word_1_220' title='bbox 876 3796 1052 3883; x_wconf 72' lang='lat' dir='ltr'>disperpit</span> <span class='ocrx_word' id='word_1_221' title='bbox 1069 3818 1128 3884; x_wconf 88' lang='lat' dir='ltr'>per</span> <span class='ocrx_word' id='word_1_222' title='bbox 1147 3797 1327 3863; x_wconf 83' lang='lat' dir='ltr'>Jeremiem</span> <span class='ocrx_word' id='word_1_223' title='bbox 1350 3798 1523 3879; x_wconf 86' lang='lat' dir='ltr'>dicentem,</span> 
     </span>
     <span class='ocr_line' id='line_1_30' title="bbox 307 3895 1527 4018; baseline 0.002 -52"><span class='ocrx_word' id='word_1_224' title='bbox 307 3895 448 4018; x_wconf 53' lang='lat' dir='ltr'>{epuiis</span> <span class='ocrx_word' id='word_1_225' title='bbox 483 3900 541 3966; x_wconf 83' lang='lat' dir='ltr'>Vae</span> <span class='ocrx_word' id='word_1_226' title='bbox 559 3898 756 3986; x_wconf 77' lang='lat' dir='ltr'>pastoribus</span> <span class='ocrx_word' id='word_1_227' title='bbox 788 3898 851 3985; x_wconf 80' lang='lat' dir='ltr'>qui</span> <span class='ocrx_word' id='word_1_228' title='bbox 881 3900 1084 3985; x_wconf 61' lang='lat' dir='ltr'>dispergamur}</span> <span class='ocrx_word' id='word_1_229' title='bbox 1112 3906 1142 3965; x_wconf 75' lang='lat' dir='ltr'>et</span> <span class='ocrx_word' id='word_1_230' title='bbox 1173 3898 1367 3966; x_wconf 76' lang='lat' dir='ltr'>dilacerant</span> <span class='ocrx_word' id='word_1_231' title='bbox 1393 3923 1527 3987; x_wconf 69' lang='lat' dir='ltr'>prepete</span> 
     </span>
     <span class='ocr_line' id='line_1_31' title="bbox 325 4000 1526 4088; baseline 0.001 -20"><span class='ocrx_word' id='word_1_232' title='bbox 325 4002 365 4025; x_wconf 76' lang='lat'>&#39;¹</span> <span class='ocrx_word' id='word_1_233' title='bbox 472 4024 610 4088; x_wconf 79' lang='lat' dir='ltr'>poaouoe</span> <span class='ocrx_word' id='word_1_234' title='bbox 624 4023 714 4082; x_wconf 82' lang='lat' dir='ltr'>meoe,</span> <span class='ocrx_word' id='word_1_235' title='bbox 731 4000 1008 4067; x_wconf 79' lang='lat' dir='ltr'>dicitDomc&#39;uua.</span> <span class='ocrx_word' id='word_1_236' title='bbox 1047 4000 1131 4067; x_wconf 83' lang='lat' dir='ltr'>Ideo</span> <span class='ocrx_word' id='word_1_237' title='bbox 1145 4000 1213 4067; x_wconf 77' lang='lat' dir='ltr'>laceo</span> <span class='ocrx_word' id='word_1_238' title='bbox 1228 4001 1335 4068; x_wconf 74' lang='lat' dir='ltr'>dicit*</span> <span class='ocrx_word' id='word_1_239' title='bbox 1350 4002 1526 4069; x_wconf 74' lang='lat' dir='ltr'>Dominus</span> 
     </span>
     <span class='ocr_line' id='line_1_32' title="bbox 475 4102 1526 4189; baseline 0.001 -18"><span class='ocrx_word' id='word_1_240' title='bbox 475 4104 569 4171; x_wconf 85' lang='lat' dir='ltr'>Deus</span> <span class='ocrx_word' id='word_1_241' title='bbox 583 4103 694 4170; x_wconf 78' lang='lat' dir='ltr'>Israel</span> <span class='ocrx_word' id='word_1_242' title='bbox 709 4102 757 4169; x_wconf 84' lang='lat' dir='ltr'>ad</span> <span class='ocrx_word' id='word_1_243' title='bbox 767 4110 920 4189; x_wconf 79' lang='lat' dir='ltr'>pastores</span> <span class='ocrx_word' id='word_1_244' title='bbox 936 4102 999 4189; x_wconf 79' lang='lat' dir='ltr'>qui</span> <span class='ocrx_word' id='word_1_245' title='bbox 1016 4109 1166 4188; x_wconf 68' lang='lat' dir='ltr'>poenicu</span> <span class='ocrx_word' id='word_1_246' title='bbox 1188 4103 1361 4189; x_wconf 78' lang='lat' dir='ltr'>populum</span> <span class='ocrx_word' id='word_1_247' title='bbox 1385 4126 1526 4183; x_wconf 70' lang='lat' dir='ltr'>omum,-</span> 
     </span>
     <span class='ocr_line' id='line_1_33' title="bbox 474 4204 1525 4292; baseline 0.002 -20"><span class='ocrx_word' id='word_1_248' title='bbox 474 4230 531 4273; x_wconf 85' lang='lat' dir='ltr'>ooa</span> <span class='ocrx_word' id='word_1_249' title='bbox 560 4205 769 4291; x_wconf 59' lang='lat' dir='ltr'>dispersistis</span> <span class='ocrx_word' id='word_1_250' title='bbox 796 4224 927 4292; x_wconf 67' lang='lat' dir='ltr'>propero</span> <span class='ocrx_word' id='word_1_251' title='bbox 956 4226 1078 4281; x_wconf 71' lang='lat' dir='ltr'>oneum</span> <span class='ocrx_word' id='word_1_252' title='bbox 1114 4204 1253 4291; x_wconf 79' lang='lat' dir='ltr'>ejecistis</span> <span class='ocrx_word' id='word_1_253' title='bbox 1287 4228 1345 4282; x_wconf 84' lang='lat' dir='ltr'>eoa,</span> <span class='ocrx_word' id='word_1_254' title='bbox 1384 4214 1414 4273; x_wconf 82' lang='lat' dir='ltr'>et</span> <span class='ocrx_word' id='word_1_255' title='bbox 1451 4230 1525 4274; x_wconf 77' lang='lat' dir='ltr'>nou</span> 
     </span>
     <span class='ocr_line' id='line_1_34' title="bbox 474 4307 1525 4393; baseline 0.001 -16"><span class='ocrx_word' id='word_1_256' title='bbox 474 4308 641 4377; x_wconf 59' lang='lat' dir='ltr'>mutuatis</span> <span class='ocrx_word' id='word_1_257' title='bbox 663 4330 721 4375; x_wconf 85' lang='lat' dir='ltr'>coa.</span> <span class='ocrx_word' id='word_1_258' title='bbox 768 4308 849 4373; x_wconf 80' lang='lat' dir='ltr'>Ecce</span> <span class='ocrx_word' id='word_1_259' title='bbox 879 4330 936 4393; x_wconf 72' lang='lat' dir='ltr'>epo</span> <span class='ocrx_word' id='word_1_260' title='bbox 962 4307 1104 4375; x_wconf 77' lang='lat' dir='ltr'>cicitubo</span> <span class='ocrx_word' id='word_1_261' title='bbox 1131 4328 1235 4393; x_wconf 80' lang='lat' dir='ltr'>cuper</span> <span class='ocrx_word' id='word_1_262' title='bbox 1259 4330 1317 4375; x_wconf 82' lang='lat' dir='ltr'>uos</span> <span class='ocrx_word' id='word_1_263' title='bbox 1345 4310 1525 4378; x_wconf 77' lang='lat' dir='ltr'>malitium</span> 
     </span>
    </p>
   </div>
   <div class='ocr_carea' id='block_1_3' title="bbox 504 4656 1416 4805">
    <p class='ocr_par' dir='ltr' id='par_1_3' title="bbox 504 4656 1416 4805">
     <span class='ocr_line' id='line_1_35' title="bbox 506 4656 1397 4725; baseline 0.003 -17"><span class='ocrx_word' id='word_1_264' title='bbox 506 4657 513 4688; x_wconf 90' lang='lat'>¹</span> <span class='ocrx_word' id='word_1_265' title='bbox 528 4657 689 4723; x_wconf 70' lang='lat' dir='ltr'>prepeditus]</span> <span class='ocrx_word' id='word_1_266' title='bbox 708 4658 826 4722; x_wconf 78' lang='lat' dir='ltr'>preditus,</span> <span class='ocrx_word' id='word_1_267' title='bbox 838 4656 927 4709; x_wconf 63' lang='lat' dir='ltr'>QUO.</span> <span class='ocrx_word' id='word_1_268' title='bbox 1055 4658 1065 4688; x_wconf 82' lang='lat'>⁸</span> <span class='ocrx_word' id='word_1_269' title='bbox 1081 4658 1136 4725; x_wconf 78' lang='lat' dir='ltr'>qur]</span> <span class='ocrx_word' id='word_1_270' title='bbox 1153 4673 1203 4709; x_wconf 89' lang='lat' dir='ltr'>om.</span> <span class='ocrx_word' id='word_1_271' title='bbox 1215 4656 1315 4718; x_wconf 66' lang='lat' dir='ltr'>OOC..</span> <span class='ocrx_word' id='word_1_272' title='bbox 1327 4658 1397 4711; x_wconf 71' lang='lat' dir='ltr'>ffin.</span> 
     </span>
     <span class='ocr_line' id='line_1_36' title="bbox 504 4736 1416 4805; baseline 0.002 -18"><span class='ocrx_word' id='word_1_273' title='bbox 504 4736 515 4766; x_wconf 83' lang='lat'>²</span> <span class='ocrx_word' id='word_1_274' title='bbox 530 4738 624 4802; x_wconf 64' lang='lat' dir='ltr'>enuit]</span> <span class='ocrx_word' id='word_1_275' title='bbox 643 4737 806 4805; x_wconf 59' lang='lat' dir='ltr'>om.C.C.O2.</span> <span class='ocrx_word' id='word_1_276' title='bbox 1055 4738 1065 4767; x_wconf 83' lang='lat'>⁴</span> <span class='ocrx_word' id='word_1_277' title='bbox 1081 4737 1153 4803; x_wconf 77' lang='lat' dir='ltr'>dicit]</span> <span class='ocrx_word' id='word_1_278' title='bbox 1172 4754 1222 4789; x_wconf 87' lang='lat' dir='ltr'>om.</span> <span class='ocrx_word' id='word_1_279' title='bbox 1233 4738 1334 4798; x_wconf 81' lang='lat' dir='ltr'>C.C.C.,</span> <span class='ocrx_word' id='word_1_280' title='bbox 1346 4740 1416 4790; x_wconf 69' lang='lat' dir='ltr'>&#39;Irin</span> 
     </span>
    </p>
   </div>
   <div class='ocr_carea' id='block_1_4' title="bbox 0 0 1754 5784">
    <p class='ocr_par' dir='ltr' id='par_1_4' title="bbox 0 0 1754 5784">
     <span class='ocr_line' id='line_1_37' title="bbox 0 0 1754 5784; baseline 0 5"><span class='ocrx_word' id='word_1_281' title='bbox 0 0 1754 5784; x_wconf 95' lang='lat' dir='ltr'> </span> 
     </span>
    </p>
   </div>
  </div>
 </body>
</html>
