3500 5784
460 807 525 872 248
782 821 931 872 aonam
953 821 1184 872 crossum

894 1059 1069 1127 LXXVII.

338 1241 409 1289 iasa.
459 1216 683 1288 semitonio
719 1219 822 1286 Patri
854 1227 885 1286 at
920 1220 1072 1287 Dominio
1105 1217 1272 1307 aaut,
1294 1217 1360 1285 Dei
1391 1218 1510 1305 pontiu

547 1343 683 1388 canuno
724 1321 897 1408 Pontifici,
931 1323 1104 1406 Robertua
1130 1322 1350 1390 miseratione
1381 1321 1510 1388 divina

548 1421 806 1490 commoneto
819 1423 973 1492 solnta
986 1426 1149 1494 mattam
1161 1424 1317 1504 tamam,
1334 1423 1508 1492 onemo

545 1526 677 1614 maroa
697 1526 812 1594 omno
834 1525 1056 1595 devotteairnn

293 1677 370 1728 Prov.
382 1674 428 1727 xii
507 1647 592 1718 (ium
613 1651 657 1716 ad
679 1650 818 1738 pastoris
840 1653 1007 1740 pertineat
1027 1651 1168 1720 officium
1189 1673 1268 1720 oves
1296 1673 1371 1720 suas
1392 1671 1510 1738 cogno-

293 1749 335 1862 lio'
348 1815 441 1860 canna
462 1773 557 1832 ⁸⁰⁰¹⁰2
575 1752 751 1840 immitit
773 1759 926 1820 iessffliur
942 1753 1178 1842 y‘aawatmum
1205 1775 1350 1821 mum
1370 1753 1509 1819 auinaue

293 1877 565 1942 mnndutyaoaaa
588 1880 648 1926 neo
669 1860 773 1947 possit
794 1859 861 1926 ista
883 1863 1027 1950 cognitio
1048 1863 1166 1928 melius
1186 1861 1317 1947 adquiri
1338 1884 1359 1927 a
1376 1867 1510 1946 pastore

295 1943 422 2060 mg„
462 1961 708 2028 etaomoom
717 1960 980 2049 anteaquam
990 1964 1192 2031 visitationis
1209 1965 1273 2052 [aa]
1288 1961 1510 2050 inquisitionis

295 2063 586 2142 mesonca-officim
609 2085 747 2150 cumque
769 2063 877 2130 inanis
899 2071 934 2131 et
954 2090 1059 2134 vacua
1079 2067 1125 2133 sit
1153 2065 1325 2153 inquisitio
1347 2064 1412 2129 nisi
1433 2063 1510 2129 sub

295 2143 618 2261 {lgffpeffisequatur
654 2163 810 2232 comestio
847 2171 883 2232 et
918 2167 1125 2250 reformatio;
1165 2167 1236 2234 haec
1266 2188 1352 2254 saepe
1381 2188 1509 2231 mecum

296 2281 336 2328 aa.
461 2267 609 2355 cogitans
647 2271 829 2355 postquam,
874 2268 952 2335 licet
994 2270 1159 2358 indignus,
1199 2268 1341 2356 pastoris
1384 2267 1510 2354 suscepi

462 2369 612 2452 officium,
642 2370 686 2435 sd
717 2369 926 2437 visitationes
957 2376 993 2438 et
1025 2371 1264 2458 inquisitiones,
1296 2371 1510 2435 correctiones

462 2493 591 2558 quoque
624 2477 659 2539 et
689 2471 938 2540 reformationes
971 2475 1143 2542 canonicas
1173 2471 1337 2539 faciendas
1367 2471 1411 2537 ad
1438 2471 1509 2536 ani-

461 2597 589 2640 marum
613 2573 762 2652 salutem,
787 2573 969 2661 dequibus
999 2576 1037 2661 in
1068 2576 1217 2643 districto
1248 2574 1398 2642 examine
1430 2575 1509 2640 novi

461 2697 514 2742 me
557 2677 763 2744 redditurum
810 2679 979 2760 rationem,
1019 2701 1078 2767 pro
1108 2677 1241 2745 modulo
1273 2675 1511 2743 insufficientiae

462 2801 543 2846 meae
579 2801 638 2868 per
675 2781 842 2849 dioeoesim
884 2803 992 2847 meam
1030 2780 1273 2847 solicitudinem
1305 2779 1441 2868 apposui
1474 2783 1510 2845 et

295 2911 452 2976 Hermann
461 2881 614 2948 laborem.
662 2881 747 2950 Oum
770 2893 882 2952 autem
903 2885 946 2950 ad
967 2882 1149 2972 capitulum
1171 2904 1281 2949 meum
1304 2881 1509 2949 visitandum

296 2979 338 3029 tha
349 2977 438 3043 P⁰1>0¹⁸
463 2989 498 3050 et
520 2983 711 3050 clericorum
734 2985 775 3052 de
798 2984 932 3054 ecclesia
953 3007 1026 3051 mea
1039 2991 1074 3052 et
1096 2986 1137 3052 de
1159 2985 1299 3051 ecclesiis
1321 2984 1511 3073 praebenda·

294 3045 454 3110 helpagalnst
984 3087 992 3104 ,
1378 3086 1386 3102 ,

296 3113 429 3162 theom.
463 3107 536 3152 rum
558 3089 593 3151 et
616 3084 658 3151 de
679 3108 853 3155 commune
884 3087 1023 3154 ecolesiae
1055 3109 1136 3154 meae
1169 3107 1274 3152 morea
1304 3085 1511 3173 corrigendos

297 3177 441 3295 {¹¹13}th
465 3192 499 3253 et
520 3185 749 3268 reformandos,
782 3191 952 3276 dictasque
983 3189 1132 3255 ecclesiae
1153 3189 1342 3266 visitandas,
1375 3211 1511 3254 manum

296 3312 345 3361 nnc
352 3311 455 3374 chapter
464 3287 681 3356 solicitudinis
701 3291 882 3379 pastoralis,
905 3313 973 3357 non
993 3291 1099 3357 solum
1120 3291 1317 3357 auctoritate
1339 3291 1511 3370 ordinaria,

297 3375 396 3494 mn
406 3442 434 3494 ln
464 3390 522 3456 sed
539 3391 651 3456 eadem
673 3393 859 3459 sanctitatis
874 3397 991 3461 vasu-a
1013 3393 1209 3459 auctoritate
1223 3392 1354 3480 speciali
1375 3393 1513 3459 suffiilto

297 3509 412 3577 hum.
465 3509 598 3558 conarer
620 3495 804 3574 extendere,
829 3496 972 3561 decanus
1001 3501 1036 3561 et
1066 3494 1246 3584 capitulum
1267 3493 1408 3561 eeclesiae
1429 3517 1511 3560 meaa

465 3592 591 3660 viribus
612 3595 764 3664 omnibus
786 3618 819 3662 se
842 3597 925 3662 mihi
946 3602 1177 3686 opposuerunt,
1207 3601 1242 3662 et
1275 3601 1453 3684 opponunt,
1476 3601 1512 3662 et

465 3696 500 3761 in
526 3717 639 3763 vocem
669 3698 900 3786 appellationis
929 3703 1172 3786 proruperimt3
1204 3721 1279 3765 cuin
1310 3703 1422 3764 tamen
1451 3721 1512 3764 nec

464 3797 535 3886 ipsi,
568 3821 627 3865 nec
657 3800 739 3866 dicti
770 3801 878 3868 clerici
909 3823 967 3866 seu
1000 3801 1097 3868 dictae
1127 3800 1268 3867 ecclesiae
1299 3799 1411 3886 aliquo
1443 3799 1512 3866 sint

464 3899 638 3987 privilegio
675 3923 696 3966 a
732 3923 806 3968 mea
836 3903 983 3991 exempti
1017 3903 1267 3989 jurisdictione3
1309 3903 1512 3968 solummodo

464 4001 705 4089 praetendentes
738 4001 820 4089 pro¹
845 4026 880 4070 se
916 4004 977 4070 sub
1011 4004 1144 4071 nomine
1173 4003 1337 4073 libertatis
1369 4010 1404 4071 et
1436 4026 1512 4072 oon·

465 4103 647 4168 suetudinis
698 4103 897 4192 approbatae,
955 4106 1045 4192 quod
1089 4106 1248 4172 hactenus
1296 4128 1365 4173 non
1418 4115 1513 4174 erant

465 4203 528 4290 ipsi
550 4225 607 4270 seu
621 4203 719 4272 diota
742 4207 883 4274 coclesiae
905 4229 964 4295 per
984 4208 1151 4296 episcopos
1167 4207 1304 4290 visitati,
1327 4213 1366 4276 ut
1389 4208 1512 4290 dicimt,

465 4327 525 4372 nec
546 4305 779 4394 praedictorum
801 4307 990 4374 clericorum
1022 4330 1128 4375 mores
1159 4310 1293 4380 correcti
1324 4332 1382 4376 seu
1414 4311 1514 4377 refor-

465 4407 556 4486 mati,
579 4408 736 4494 quasdam
766 4429 895 4496 quoquc
925 4431 947 4474 a
977 4409 1172 4496 quibusdam
1202 4411 1359 4499 episcopis
1389 4413 1514 4500 praede-

466 4509 644 4576 cessoribus
666 4509 746 4576 meis
763 4509 889 4597 jurium
913 4511 1144 4598 episcopalium
1166 4517 1201 4580 et
1233 4514 1442 4582 exactionum
1464 4514 1513 4580 eia

844 4705 851 4737 ¹
865 4704 929 4774 pa]
946 4707 1022 4774 quoi,
1032 4707 1133 4758 Biora·
