3500 5784
468 819 534 884 286
795 838 945 889 nonnam
968 837 1201 889 onosssrrnsrn

465 1009 506 1074 de
529 1008 673 1096 capitulo
695 1012 958 1097 procurationem
979 1017 1015 1078 et
1036 1011 1230 1078 instantiam
1253 1031 1332 1098 erga
1353 1009 1521 1075 dominum

465 1133 573 1198 regem
597 1118 631 1178 et
655 1135 729 1180 suos
744 1115 806 1181 hoc
828 1137 897 1182 esse
912 1117 1046 1195 baum,
1063 1122 1104 1181 ut
1126 1116 1189 1180 sub
1210 1114 1272 1179 tali
1294 1113 1395 1200 pallio
1417 1135 1521 1178 causae

464 1214 584 1280 decisio
607 1224 809 1304 prorogetur,
834 1225 869 1285 et
892 1219 1027 1285 effectus
1049 1225 1120 1284 tam
1142 1218 1314 1283 literarum
1336 1221 1518 1281 vestrarum

464 1336 563 1400 quam
593 1323 790 1398 nostrarum,
822 1321 943 1408 quibus
973 1321 1124 1388 efficacias
1158 1324 1284 1386 certum
1317 1323 1449 1406 tempus
1469 1325 1520 1382 est

462 1419 672 1504 praefinitum,
718 1427 892 1489 evanescat
927 1430 962 1490 et
1005 1423 1217 1489 annulletur?
1277 1420 1380 1502 Quis¹
1419 1422 1517 1486 etiam

462 1523 594 1608 ignorat
616 1525 704 1611 quod
726 1547 785 1612 per
805 1527 874 1592 haec
907 1532 942 1592 et
974 1526 1165 1612 hujusmodi
1197 1530 1314 1592 contra
1346 1529 1519 1610 utramque

462 1625 712 1692 conventionem
737 1628 825 1693 inter
848 1651 908 1694 nos
930 1629 1150 1694 communiter
1182 1628 1314 1706 initam,
1336 1627 1425 1692 bona
1455 1627 1518 1694 fide

462 1727 629 1794 observari
651 1729 827 1811 firmatam,
850 1731 1123 1809 manifestissime,
1146 1753 1189 1796 ne
1215 1730 1323 1795 dicam
1345 1751 1413 1796 non
1433 1729 1518 1795 bona

462 1831 537 1910 fide,
576 1833 733 1898 venitur?
778 1831 900 1898 Nonne
921 1833 1086 1898 dictarum
1117 1833 1377 1899 conventionum
1411 1831 1516 1898 foedus

462 1933 514 1998 his
551 1941 586 2000 et
624 1933 848 2002 consimilibus
880 1942 1069 2023 rumpentes
1106 1937 1226 2002 merito
1260 1936 1517 2001 connumerandi

293 2049 366 2102 Rom.
379 2050 449 2114 tsi,
462 2039 541 2102 sunt
568 2038 658 2102 inter
689 2061 743 2104 eos
775 2059 856 2126 quos
890 2045 989 2105 vocat
1022 2040 1201 2126 Apostolus
1250 2039 1400 2104 homines
1443 2037 1517 2104 siue

295 2123 335 2166 ³⁹·
462 2137 641 2226 affectione,
681 2141 804 2228 absque
834 2139 971 2228 foedere,
1001 2163 1083 2228 quos
1116 2141 1242 2227 dipnos
1273 2143 1356 2208 dicit
1387 2146 1520 2208 rumis?

461 2248 495 2308 et
517 2265 591 2309 noa
612 2241 724 2310 solum
747 2265 798 2310 eos
832 2243 896 2332 qui
929 2243 1019 2311 tolio
1051 2243 1197 2330 faciunt
1229 2244 1287 2310 sed
1318 2243 1424 2310 etiarn
1456 2245 1518 2331 qui

461 2345 679 2413 conseruisset
693 2346 935 2435 facientibus?
979 2347 1149 2426 Praeterea,
1165 2347 1201 2426 si,
1226 2349 1311 2413 sicut
1333 2348 1517 2427 insinuatis,

462 2449 567 2516 solum
604 2471 665 2537 pro
702 2471 781 2537 pace
819 2451 910 2517 inter
957 2471 1018 2515 nos
1067 2453 1103 2515 et
1137 2473 1197 2515 vos
1228 2450 1435 2515 reformanda
1475 2451 1519 2514 ad

462 2552 586 2618 curiam
620 2551 746 2618 domini
779 2553 867 2641 regis
906 2553 1110 2634 accessistis3
1148 2576 1248 2640 quare
1286 2576 1361 2620 cum
1397 2553 1518 2619 ibidem

462 2661 640 2742 presentes
662 2657 793 2735 fuimus,
817 2677 876 2723 nec
899 2657 1072 2721 minimam
1094 2679 1192 2743 super
1222 2655 1284 2722 hoc
1316 2656 1518 2722 mentionem

462 2757 558 2824 nobis
580 2759 728 2826 fecistis?
772 2759 920 2825 Venistis
942 2759 1052 2838 etiarn,
1076 2764 1116 2825 ut
1137 2759 1291 2838 scribitis,
1315 2781 1390 2824 cum
1412 2758 1518 2823 literis

460 2859 715 2947 procuratoriis²
738 2867 870 2927 tantum
893 2862 937 2927 ad
951 2862 1163 2928 tractandum
1186 2861 1228 2926 de
1250 2882 1353 2948 pace:
1377 2860 1517 2945 quodsi

459 2963 509 3028 ita
531 2971 590 3045 est,
607 2987 708 3050 quare
731 2964 836 3030 dictas
857 2964 971 3030 literas
985 2965 1081 3030 nobis
1103 2986 1171 3029 non
1193 2961 1409 3028 ostendistis?
1436 2963 1517 3042 Quae

460 3071 582 3146 tamen,
607 3067 635 3131 si
657 3068 740 3132 tales
764 3072 843 3133 sunt
865 3067 978 3152 quales
999 3089 1059 3133 vos
1081 3089 1135 3133 cas
1166 3087 1235 3131 esse
1258 3065 1414 3143 asseritis,
1437 3067 1517 3151 quid

460 3167 551 3235 aliud
574 3173 653 3234 sunt
676 3191 776 3256 qnam
798 3167 950 3235 velamen
964 3174 1091 3254 arguta
1106 3167 1337 3256 protelationis
1352 3169 1516 3255 temporis,

460 3291 534 3338 cum
557 3275 756 3358 potestatem
778 3270 874 3336 vobis
906 3293 975 3336 non
997 3269 1172 3337 tribuant⁸
1193 3269 1377 3336 formanda
1407 3270 1517 3357 pacist

291 3362 441 3482 ffioegm
460 3375 624 3442 cratera
645 3373 750 3440 niens
782 3373 947 3460 aliquibus
980 3373 1118 3460 apaan
1149 3373 1388 3440 meinana
1411 3371 1516 3459 sigillo

291 3498 403 3576 ²¹¹?Pr0·
461 3477 599 3566 signatis
632 3477 774 3563 qualiter
804 3477 905 3543 fidem
942 3475 1088 3564 aliquam
1127 3475 1168 3541 de
1205 3481 1326 3541 caetero
1363 3475 1515 3540 adhibere

292 3579 438 3681 ἓξὲξ·
461 3603 639 3669 possemus,
663 3601 738 3645 cum
760 3579 866 3644 literis
899 3600 999 3666 super
1031 3579 1151 3643 ultima
1181 3579 1400 3644 conventione
1431 3579 1515 3642 inter

291 3697 447 3748 chananeo
460 3707 520 3752 nos
558 3685 643 3750 inita
679 3705 738 3749 suo
777 3682 884 3770 sigillo
922 3681 1062 3769 signatis
1100 3681 1276 3767 praefatum
1313 3681 1515 3748 contradicat

290 3765 447 3884 fflffiu*
460 3787 663 3874 capitulum?
708 3785 752 3851 In
774 3787 859 3851 calce
883 3789 995 3849 autem
1026 3783 1198 3849 literarum
1219 3788 1405 3850 vestrarum
1426 3783 1515 3848 vide·

290 3896 407 3977 meysa·
460 3891 543 3956 mini
565 3889 725 3976 quosdam
748 3885 932 3975 suggillare,
956 3885 1051 3972 quasi
1081 3885 1251 3971 hucusque
1283 3908 1397 3974 pacem
1430 3887 1514 3951 inter

290 3966 426 4081 ffilm
460 4016 520 4060 nos
541 3993 793 4082 praepedierint;
823 3995 884 4054 aut
906 3990 991 4055 forte
1014 3987 1153 4054 scientes
1175 3987 1264 4075 quod
1297 4011 1365 4054 non
1398 3989 1435 4054 in
1454 3987 1513 4053 hac

460 4119 557 4163 causa
579 4097 718 4162 aliorum
740 4100 811 4160 tam
842 4091 964 4158 leviter
985 4091 1149 4156 trahimur
1170 4091 1312 4171 consilio,
1346 4092 1514 4179 nosipsos

460 4201 521 4266 sub
544 4197 675 4264 illorum
697 4195 830 4262 nomine
846 4196 974 4260 cautius
989 4199 1125 4280 tangere
1147 4192 1306 4260 voluistis
1351 4194 1514 4282 Rogamus

459 4303 573 4391 itaque
607 4307 753 4367 vestram
786 4297 1018 4364 discretionem
1056 4301 1096 4361 ut
1129 4297 1238 4383 palam
1271 4295 1387 4362 dicatis
1419 4319 1515 4382 quarn

460 4427 581 4495 pacem,
606 4403 678 4470 Deo
709 4406 744 4469 et
777 4397 966 4468 hominibus
999 4398 1241 4485 acceptabilem,
1277 4422 1378 4466 sacrae
1412 4399 1515 4486 Scrip

468 4569 532 4576 --—-
550 4569 575 4574 ι-
601 4565 769 4574 --——-=-
785 4564 936 4570 ——ss-

493 4650 599 4716 1ιὶιιιζς]
619 4649 694 4712 Quid,
707 4646 809 4710 (test,
822 4647 872 4700 Ox.
985 4645 1001 4781 Ι
1047 4643 1197 4712 'tribuario
1216 4644 1366 4708 tribuantur,
1379 4647 1429 4699 01.

494 4733 504 4762 ²
510 4728 703 4802 procuratoriis]
712 4726 963 4794 procuratorumox.
