<?xml version="1.0" encoding="UTF-8"?>
<!DOCTYPE html PUBLIC "-//W3C//DTD XHTML 1.0 Transitional//EN"
    "http://www.w3.org/TR/xhtml1/DTD/xhtml1-transitional.dtd">
<html xmlns="http://www.w3.org/1999/xhtml" xml:lang="en" lang="en">
 <head>
  <title>
</title>
<meta http-equiv="Content-Type" content="text/html;charset=utf-8" />
  <meta name='ocr-system' content='tesseract 3.04.00' />
  <meta name='ocr-capabilities' content='ocr_page ocr_carea ocr_par ocr_line ocrx_word'/>
</head>
<body>
  <div class='ocr_page' id='page_1' title='image "./robertigrossete00luargoog_0501.png"; bbox 0 0 3500 5784; ppageno 0'>
   <div class='ocr_carea' id='block_1_1' title="bbox 500 825 1222 912">
    <p class='ocr_par' dir='ltr' id='par_1_1' title="bbox 500 825 1222 912">
     <span class='ocr_line' id='line_1_1' title="bbox 500 825 1222 912; baseline 0.006 -25"><span class='ocrx_word' id='word_1_1' title='bbox 500 825 564 912; x_wconf 69' lang='lat'>3358</span> <span class='ocrx_word' id='word_1_2' title='bbox 822 836 970 886; x_wconf 81' lang='lat' dir='ltr'>sosmss</span> <span class='ocrx_word' id='word_1_3' title='bbox 992 835 1222 891; x_wconf 66' lang='lat' dir='ltr'>omnm</span> 
     </span>
    </p>
   </div>
   <div class='ocr_carea' id='block_1_2' title="bbox 331 1015 1554 4389">
    <p class='ocr_par' dir='ltr' id='par_1_2' title="bbox 331 1015 1554 4389">
     <span class='ocr_line' id='line_1_2' title="bbox 331 1015 1547 1104; baseline -0.007 -17"><span class='ocrx_word' id='word_1_4' title='bbox 331 1037 451 1087; x_wconf 68' lang='lat' dir='ltr'>Moesis</span> <span class='ocrx_word' id='word_1_5' title='bbox 500 1037 564 1103; x_wconf 91' lang='lat' dir='ltr'>que</span> <span class='ocrx_word' id='word_1_6' title='bbox 587 1039 652 1082; x_wconf 91' lang='lat' dir='ltr'>non</span> <span class='ocrx_word' id='word_1_7' title='bbox 676 1017 780 1082; x_wconf 90' lang='lat' dir='ltr'>solum</span> <span class='ocrx_word' id='word_1_8' title='bbox 803 1038 846 1081; x_wconf 83' lang='lat' dir='ltr'>ex</span> <span class='ocrx_word' id='word_1_9' title='bbox 861 1017 1005 1082; x_wconf 89' lang='lat' dir='ltr'>nominis</span> <span class='ocrx_word' id='word_1_10' title='bbox 1027 1015 1298 1104; x_wconf 68' lang='lat' dir='ltr'>interpretatione</span> <span class='ocrx_word' id='word_1_11' title='bbox 1320 1016 1412 1102; x_wconf 84' lang='lat' dir='ltr'>gerit</span> <span class='ocrx_word' id='word_1_12' title='bbox 1433 1019 1547 1101; x_wconf 80' lang='lat' dir='ltr'>typum</span> 
     </span>
     <span class='ocr_line' id='line_1_3' title="bbox 331 1102 1548 1222; baseline 0 -39"><span class='ocrx_word' id='word_1_13' title='bbox 331 1102 708 1222; x_wconf 42' lang='lat' dir='ltr'>tgh‘rh‘lnl&#39;flffpraelutomm</span> <span class='ocrx_word' id='word_1_14' title='bbox 741 1119 798 1204; x_wconf 91' lang='lat' dir='ltr'>qui</span> <span class='ocrx_word' id='word_1_15' title='bbox 837 1119 999 1206; x_wconf 77' lang='lat' dir='ltr'><strong>assumpti</strong></span> <span class='ocrx_word' id='word_1_16' title='bbox 1030 1123 1111 1184; x_wconf 88' lang='lat' dir='ltr'>sunt</span> <span class='ocrx_word' id='word_1_17' title='bbox 1142 1118 1184 1182; x_wconf 90' lang='lat' dir='ltr'>de</span> <span class='ocrx_word' id='word_1_18' title='bbox 1205 1118 1426 1184; x_wconf 73' lang='lat' dir='ltr'>fluctuatione</span> <span class='ocrx_word' id='word_1_19' title='bbox 1457 1139 1548 1183; x_wconf 77' lang='lat' dir='ltr'>vene</span> 
     </span>
     <span class='ocr_line' id='line_1_4' title="bbox 332 1219 1548 1307; baseline -0.005 -17"><span class='ocrx_word' id='word_1_20' title='bbox 332 1237 445 1304; x_wconf 67' lang='lat' dir='ltr'>prelatas</span> <span class='ocrx_word' id='word_1_21' title='bbox 500 1221 756 1286; x_wconf 79' lang='lat' dir='ltr'>eonversetionis</span> <span class='ocrx_word' id='word_1_22' title='bbox 778 1221 876 1307; x_wconf 88' lang='lat' dir='ltr'>hujus</span> <span class='ocrx_word' id='word_1_23' title='bbox 892 1221 1018 1298; x_wconf 91' lang='lat' dir='ltr'>mundi,</span> <span class='ocrx_word' id='word_1_24' title='bbox 1034 1226 1075 1286; x_wconf 90' lang='lat' dir='ltr'>nt</span> <span class='ocrx_word' id='word_1_25' title='bbox 1089 1221 1135 1285; x_wconf 90' lang='lat' dir='ltr'>sit</span> <span class='ocrx_word' id='word_1_26' title='bbox 1158 1242 1272 1287; x_wconf 89' lang='lat' dir='ltr'>eorum</span> <span class='ocrx_word' id='word_1_27' title='bbox 1292 1219 1503 1286; x_wconf 72' lang='lat' dir='ltr'>conver-sotio</span> <span class='ocrx_word' id='word_1_28' title='bbox 1515 1221 1548 1284; x_wconf 92' lang='lat' dir='ltr'>in</span> 
     </span>
     <span class='ocr_line' id='line_1_5' title="bbox 499 1323 1549 1404; baseline -0.004 -14"><span class='ocrx_word' id='word_1_29' title='bbox 499 1323 692 1404; x_wconf 68' lang='lat' dir='ltr'>celestibus,</span> <span class='ocrx_word' id='word_1_30' title='bbox 731 1323 787 1390; x_wconf 84' lang='lat' dir='ltr'>sod</span> <span class='ocrx_word' id='word_1_31' title='bbox 825 1325 927 1390; x_wconf 80' lang='lat' dir='ltr'>etiam</span> <span class='ocrx_word' id='word_1_32' title='bbox 971 1345 1014 1388; x_wconf 83' lang='lat' dir='ltr'>ex</span> <span class='ocrx_word' id='word_1_33' title='bbox 1046 1323 1231 1388; x_wconf 80' lang='lat' dir='ltr'>ministerio</span> <span class='ocrx_word' id='word_1_34' title='bbox 1266 1323 1333 1388; x_wconf 90' lang='lat' dir='ltr'>sibi</span> <span class='ocrx_word' id='word_1_35' title='bbox 1368 1323 1496 1388; x_wconf 74' lang='lat' dir='ltr'>tradito</span> <span class='ocrx_word' id='word_1_36' title='bbox 1530 1344 1549 1386; x_wconf 78' lang='lat' dir='ltr'>s</span> 
     </span>
     <span class='ocr_line' id='line_1_6' title="bbox 501 1425 1550 1512; baseline 0 -22"><span class='ocrx_word' id='word_1_37' title='bbox 501 1427 663 1504; x_wconf 92' lang='lat' dir='ltr'>Domino;</span> <span class='ocrx_word' id='word_1_38' title='bbox 701 1425 764 1512; x_wconf 88' lang='lat' dir='ltr'>ipsi</span> <span class='ocrx_word' id='word_1_39' title='bbox 787 1425 896 1491; x_wconf 89' lang='lat' dir='ltr'>enim¹</span> <span class='ocrx_word' id='word_1_40' title='bbox 936 1431 1016 1490; x_wconf 90' lang='lat' dir='ltr'>sunt</span> <span class='ocrx_word' id='word_1_41' title='bbox 1039 1425 1158 1512; x_wconf 86' lang='lat' dir='ltr'>quibus</span> <span class='ocrx_word' id='word_1_42' title='bbox 1191 1425 1353 1491; x_wconf 77' lang='lat' dir='ltr'><strong>Dominus</strong></span> <span class='ocrx_word' id='word_1_43' title='bbox 1386 1425 1550 1491; x_wconf 84' lang='lat' dir='ltr'>oommisit</span> 
     </span>
     <span class='ocr_line' id='line_1_7' title="bbox 500 1527 1550 1616; baseline -0.004 -20"><span class='ocrx_word' id='word_1_44' title='bbox 500 1537 540 1596; x_wconf 92' lang='lat' dir='ltr'>ut</span> <span class='ocrx_word' id='word_1_45' title='bbox 570 1529 711 1594; x_wconf 79' lang='lat' dir='ltr'>educunt</span> <span class='ocrx_word' id='word_1_46' title='bbox 734 1529 891 1616; x_wconf 92' lang='lat' dir='ltr'>populum</span> <span class='ocrx_word' id='word_1_47' title='bbox 913 1529 1084 1594; x_wconf 80' lang='lat' dir='ltr'>videntem</span> <span class='ocrx_word' id='word_1_48' title='bbox 1107 1527 1216 1594; x_wconf 87' lang='lat' dir='ltr'>Deum</span> <span class='ocrx_word' id='word_1_49' title='bbox 1237 1528 1429 1616; x_wconf 85' lang='lat' dir='ltr'>perfidem,</span> <span class='ocrx_word' id='word_1_50' title='bbox 1454 1533 1490 1594; x_wconf 86' lang='lat' dir='ltr'>st</span> <span class='ocrx_word' id='word_1_51' title='bbox 1510 1529 1550 1592; x_wconf 92' lang='lat' dir='ltr'>de</span> 
     </span>
     <span class='ocr_line' id='line_1_8' title="bbox 500 1631 1549 1720; baseline -0.001 -22"><span class='ocrx_word' id='word_1_52' title='bbox 500 1631 645 1698; x_wconf 87' lang='lat' dir='ltr'>tenebris</span> <span class='ocrx_word' id='word_1_53' title='bbox 682 1633 806 1720; x_wconf 82' lang='lat' dir='ltr'>peoosti</span> <span class='ocrx_word' id='word_1_54' title='bbox 844 1639 880 1698; x_wconf 89' lang='lat' dir='ltr'>st</span> <span class='ocrx_word' id='word_1_55' title='bbox 917 1632 1113 1718; x_wconf 75' lang='lat' dir='ltr'>ignorantiis</span> <span class='ocrx_word' id='word_1_56' title='bbox 1148 1637 1184 1696; x_wconf 88' lang='lat' dir='ltr'>et</span> <span class='ocrx_word' id='word_1_57' title='bbox 1213 1654 1273 1718; x_wconf 81' lang='lat' dir='ltr'>per</span> <span class='ocrx_word' id='word_1_58' title='bbox 1308 1638 1549 1698; x_wconf 72' lang='lat' dir='ltr'>ssmmentum</span> 
     </span>
     <span class='ocr_line' id='line_1_9' title="bbox 500 1733 1550 1821; baseline -0.001 -23"><span class='ocrx_word' id='word_1_59' title='bbox 500 1733 664 1821; x_wconf 80' lang='lat' dir='ltr'>Baptismi</span> <span class='ocrx_word' id='word_1_60' title='bbox 700 1739 735 1798; x_wconf 88' lang='lat' dir='ltr'>ot</span> <span class='ocrx_word' id='word_1_61' title='bbox 771 1733 979 1820; x_wconf 68' lang='lat' dir='ltr'>poenitentiis</span> <span class='ocrx_word' id='word_1_62' title='bbox 1020 1733 1058 1798; x_wconf 90' lang='lat' dir='ltr'>in</span> <span class='ocrx_word' id='word_1_63' title='bbox 1094 1739 1217 1800; x_wconf 78' lang='lat' dir='ltr'>terrum</span> <span class='ocrx_word' id='word_1_64' title='bbox 1253 1733 1445 1799; x_wconf 85' lang='lat' dir='ltr'>viventium</span> <span class='ocrx_word' id='word_1_65' title='bbox 1488 1733 1550 1799; x_wconf 83' lang='lat' dir='ltr'>sibi</span> 
     </span>
     <span class='ocr_line' id='line_1_10' title="bbox 500 1833 1550 1924; baseline 0 -22"><span class='ocrx_word' id='word_1_66' title='bbox 500 1837 693 1924; x_wconf 78' lang='lat' dir='ltr'><strong>promissam</strong></span> <span class='ocrx_word' id='word_1_67' title='bbox 719 1841 754 1900; x_wconf 86' lang='lat' dir='ltr'>st</span> <span class='ocrx_word' id='word_1_68' title='bbox 784 1836 948 1902; x_wconf 79' lang='lat' dir='ltr'>oaelestem</span> <span class='ocrx_word' id='word_1_69' title='bbox 981 1833 1189 1902; x_wconf 74' lang='lat' dir='ltr'>Jerusalem&#39;</span> <span class='ocrx_word' id='word_1_70' title='bbox 1219 1837 1442 1902; x_wconf 76' lang='lat' dir='ltr'>introduoent</span> <span class='ocrx_word' id='word_1_71' title='bbox 1488 1835 1550 1902; x_wconf 87' lang='lat' dir='ltr'>Pro</span> 
     </span>
     <span class='ocr_line' id='line_1_11' title="bbox 500 1937 1550 2026; baseline -0.003 -20"><span class='ocrx_word' id='word_1_72' title='bbox 500 1940 561 2006; x_wconf 90' lang='lat' dir='ltr'>hoo</span> <span class='ocrx_word' id='word_1_73' title='bbox 583 1940 705 2026; x_wconf 77' lang='lat' dir='ltr'>iisque,</span> <span class='ocrx_word' id='word_1_74' title='bbox 729 1937 818 2024; x_wconf 92' lang='lat' dir='ltr'>quod</span> <span class='ocrx_word' id='word_1_75' title='bbox 842 1937 972 2024; x_wconf 86' lang='lat' dir='ltr'>Moyses</span> <span class='ocrx_word' id='word_1_76' title='bbox 994 1960 1019 2004; x_wconf 86' lang='lat' dir='ltr'><strong><em>a</em></strong></span> <span class='ocrx_word' id='word_1_77' title='bbox 1040 1961 1143 2004; x_wconf 79' lang='lat' dir='ltr'>moos</span> <span class='ocrx_word' id='word_1_78' title='bbox 1163 1961 1269 2026; x_wconf 75' lang='lat' dir='ltr'>sieque</span> <span class='ocrx_word' id='word_1_79' title='bbox 1298 1939 1347 2006; x_wconf 82' lang='lat' dir='ltr'>ud</span> <span class='ocrx_word' id='word_1_80' title='bbox 1377 1961 1550 2026; x_wconf 70' lang='lat' dir='ltr'>vesperum</span> 
     </span>
     <span class='ocr_line' id='line_1_12' title="bbox 500 2039 1551 2128; baseline -0.001 -21"><span class='ocrx_word' id='word_1_81' title='bbox 500 2041 629 2107; x_wconf 77' lang='lat' dir='ltr'>sedebat</span> <span class='ocrx_word' id='word_1_82' title='bbox 660 2041 747 2106; x_wconf 89' lang='lat' dir='ltr'>solus</span> <span class='ocrx_word' id='word_1_83' title='bbox 772 2039 927 2125; x_wconf 82' lang='lat' dir='ltr'>judiosns</span> <span class='ocrx_word' id='word_1_84' title='bbox 958 2041 1125 2128; x_wconf 88' lang='lat' dir='ltr'>populum,</span> <span class='ocrx_word' id='word_1_85' title='bbox 1160 2043 1334 2108; x_wconf 73' lang='lat' dir='ltr'>manifeste</span> <span class='ocrx_word' id='word_1_86' title='bbox 1364 2042 1551 2108; x_wconf 81' lang='lat' dir='ltr'>ostenditur</span> 
     </span>
     <span class='ocr_line' id='line_1_13' title="bbox 500 2143 1550 2232; baseline 0.002 -24"><span class='ocrx_word' id='word_1_87' title='bbox 500 2145 589 2230; x_wconf 90' lang='lat' dir='ltr'>quod</span> <span class='ocrx_word' id='word_1_88' title='bbox 611 2145 714 2230; x_wconf 91' lang='lat' dir='ltr'>ipsius</span> <span class='ocrx_word' id='word_1_89' title='bbox 737 2149 809 2208; x_wconf 85' lang='lat' dir='ltr'>srst</span> <span class='ocrx_word' id='word_1_90' title='bbox 831 2143 1004 2230; x_wconf 75' lang='lat' dir='ltr'>plenitudo</span> <span class='ocrx_word' id='word_1_91' title='bbox 1026 2145 1199 2230; x_wconf 72' lang='lat' dir='ltr'>potestatis</span> <span class='ocrx_word' id='word_1_92' title='bbox 1231 2166 1363 2211; x_wconf 83' lang='lat' dir='ltr'>omnem</span> <span class='ocrx_word' id='word_1_93' title='bbox 1393 2145 1550 2232; x_wconf 88' lang='lat' dir='ltr'>populum</span> 
     </span>
     <span class='ocr_line' id='line_1_14' title="bbox 500 2245 1432 2437; baseline 0.004 -25.311"><span class='ocrx_word' id='word_1_94' title='bbox 332 2245 1432 2437; x_wconf 45' lang='lat' dir='ltr'>semmei</span> 
     </span>
     <span class='ocr_line' id='line_1_15' title="bbox 332 2421 1551 2568; baseline 0.003 -53"><span class='ocrx_word' id='word_1_95' title='bbox 332 2421 488 2566; x_wconf 54' lang='lat' dir='ltr'>fflfflp</span> <span class='ocrx_word' id='word_1_96' title='bbox 501 2473 600 2538; x_wconf 79' lang='lat' dir='ltr'>quum</span> <span class='ocrx_word' id='word_1_97' title='bbox 621 2451 715 2568; x_wconf 81' lang='lat' dir='ltr'>sdse</span> <span class='ocrx_word' id='word_1_98' title='bbox 731 2451 920 2538; x_wconf 74' lang='lat' dir='ltr'>pertinebat</span> <span class='ocrx_word' id='word_1_99' title='bbox 940 2471 1000 2538; x_wconf 82' lang='lat' dir='ltr'>por</span> <span class='ocrx_word' id='word_1_100' title='bbox 1021 2457 1188 2538; x_wconf 78' lang='lat' dir='ltr'>aoeeptum</span> <span class='ocrx_word' id='word_1_101' title='bbox 1209 2475 1231 2518; x_wconf 83' lang='lat' dir='ltr'>e</span> <span class='ocrx_word' id='word_1_102' title='bbox 1245 2453 1316 2518; x_wconf 87' lang='lat' dir='ltr'>Deo</span> <span class='ocrx_word' id='word_1_103' title='bbox 1330 2458 1551 2540; x_wconf 66' lang='lat' dir='ltr'>potestatem</span> 
     </span>
     <span class='ocr_line' id='line_1_16' title="bbox 332 2553 1551 2643; baseline 0.002 -24"><span class='ocrx_word' id='word_1_104' title='bbox 332 2555 558 2630; x_wconf 65' lang='lat' dir='ltr'>mmsworkged</span> <span class='ocrx_word' id='word_1_105' title='bbox 594 2575 673 2640; x_wconf 79' lang='lat' dir='ltr'>qum</span> <span class='ocrx_word' id='word_1_106' title='bbox 695 2553 783 2619; x_wconf 90' lang='lat' dir='ltr'>solus</span> <span class='ocrx_word' id='word_1_107' title='bbox 819 2576 888 2619; x_wconf 90' lang='lat' dir='ltr'>non</span> <span class='ocrx_word' id='word_1_108' title='bbox 918 2553 1101 2620; x_wconf 87' lang='lat' dir='ltr'>suffioiebet</span> <span class='ocrx_word' id='word_1_109' title='bbox 1132 2556 1176 2620; x_wconf 81' lang='lat' dir='ltr'>sd</span> <span class='ocrx_word' id='word_1_110' title='bbox 1208 2556 1413 2643; x_wconf 80' lang='lat' dir='ltr'>singulorum</span> <span class='ocrx_word' id='word_1_111' title='bbox 1447 2561 1551 2622; x_wconf 71' lang='lat' dir='ltr'>iente</span> 
     </span>
     <span class='ocr_line' id='line_1_17' title="bbox 332 2619 1552 2752; baseline 0.002 -31"><span class='ocrx_word' id='word_1_112' title='bbox 332 2619 476 2752; x_wconf 42' lang='lat' dir='ltr'>&amp;¹59³ss</span> <span class='ocrx_word' id='word_1_113' title='bbox 501 2656 726 2722; x_wconf 89' lang='lat' dir='ltr'>multitudinis</span> <span class='ocrx_word' id='word_1_114' title='bbox 756 2655 1007 2742; x_wconf 69' lang='lat' dir='ltr'>disseptationss</span> <span class='ocrx_word' id='word_1_115' title='bbox 1039 2656 1219 2724; x_wconf 79' lang='lat' dir='ltr'>audiendus</span> <span class='ocrx_word' id='word_1_116' title='bbox 1239 2663 1275 2724; x_wconf 88' lang='lat' dir='ltr'>et</span> <span class='ocrx_word' id='word_1_117' title='bbox 1300 2659 1436 2746; x_wconf 74' lang='lat' dir='ltr'>negotis</span> <span class='ocrx_word' id='word_1_118' title='bbox 1467 2659 1552 2744; x_wconf 84' lang='lat' dir='ltr'>diju-</span> 
     </span>
     <span class='ocr_line' id='line_1_18' title="bbox 332 2753 1551 2869; baseline 0.002 -45"><span class='ocrx_word' id='word_1_119' title='bbox 332 2753 454 2869; x_wconf 55' lang='lat' dir='ltr'>{lmlffl</span> <span class='ocrx_word' id='word_1_120' title='bbox 502 2759 642 2824; x_wconf 80' lang='lat' dir='ltr'>diosnds</span> <span class='ocrx_word' id='word_1_121' title='bbox 666 2779 879 2844; x_wconf 83' lang='lat' dir='ltr'>excessusque</span> <span class='ocrx_word' id='word_1_122' title='bbox 902 2757 1108 2844; x_wconf 76' lang='lat' dir='ltr'>corrigendos</span> <span class='ocrx_word' id='word_1_123' title='bbox 1132 2765 1167 2824; x_wconf 87' lang='lat' dir='ltr'>et</span> <span class='ocrx_word' id='word_1_124' title='bbox 1188 2783 1295 2826; x_wconf 83' lang='lat' dir='ltr'>mores</span> <span class='ocrx_word' id='word_1_125' title='bbox 1319 2761 1551 2842; x_wconf 74' lang='lat' dir='ltr'>reformandos,</span> 
     </span>
     <span class='ocr_line' id='line_1_19' title="bbox 334 2835 1550 3003; baseline 0.006 -79"><span class='ocrx_word' id='word_1_126' title='bbox 334 2835 485 3003; x_wconf 43' lang='grc' dir='ltr'>ἓξὲξ.</span> <span class='ocrx_word' id='word_1_127' title='bbox 502 2862 576 2927; x_wconf 86' lang='lat' dir='ltr'>ideo</span> <span class='ocrx_word' id='word_1_128' title='bbox 598 2860 682 2926; x_wconf 90' lang='lat' dir='ltr'>nihil</span> <span class='ocrx_word' id='word_1_129' title='bbox 705 2859 769 2976; x_wconf 84' lang='lat' dir='ltr'>sibi</span> <span class='ocrx_word' id='word_1_130' title='bbox 800 2861 842 2924; x_wconf 87' lang='lat' dir='ltr'>de</span> <span class='ocrx_word' id='word_1_131' title='bbox 863 2865 998 2976; x_wconf 78' lang='lat' dir='ltr'>sooepts</span> <span class='ocrx_word' id='word_1_132' title='bbox 1018 2865 1183 2977; x_wconf 70' lang='lat' dir='ltr'>potestate</span> <span class='ocrx_word' id='word_1_133' title='bbox 1205 2865 1364 2978; x_wconf 71' lang='lat' dir='ltr'>adimens,</span> <span class='ocrx_word' id='word_1_134' title='bbox 1377 2865 1445 2980; x_wconf 26' lang='lat' dir='ltr'>‘sed</span> <span class='ocrx_word' id='word_1_135' title='bbox 1467 2864 1550 2980; x_wconf 40' lang='grc' dir='ltr'>οἱπρ-</span> 
     </span>
     <span class='ocr_line' id='line_1_20' title="bbox 334 2961 1552 3070; baseline 0.003 -43"><span class='ocrx_word' id='word_1_136' title='bbox 334 2969 481 3070; x_wconf 42' lang='lat' dir='ltr'>aestuem·</span> <span class='ocrx_word' id='word_1_137' title='bbox 503 2962 579 3028; x_wconf 89' lang='lat' dir='ltr'>dem</span> <span class='ocrx_word' id='word_1_138' title='bbox 601 2968 776 3048; x_wconf 78' lang='lat' dir='ltr'>potestatis</span> <span class='ocrx_word' id='word_1_139' title='bbox 799 2961 1037 3048; x_wconf 86' lang='lat' dir='ltr'>plemtudmem</span> <span class='ocrx_word' id='word_1_140' title='bbox 1058 2969 1214 3044; x_wconf 78' lang='lat' dir='ltr'>retinens,</span> <span class='ocrx_word' id='word_1_141' title='bbox 1228 2963 1310 3030; x_wconf 82' lang='lat' dir='ltr'>ulios</span> <span class='ocrx_word' id='word_1_142' title='bbox 1323 2965 1387 3030; x_wconf 89' lang='lat' dir='ltr'>s1b1</span> <span class='ocrx_word' id='word_1_143' title='bbox 1409 2966 1552 3032; x_wconf 76' lang='lat' dir='ltr'>edsormt</span> 
     </span>
     <span class='ocr_line' id='line_1_21' title="bbox 333 3064 1551 3152; baseline 0.008 -27"><span class='ocrx_word' id='word_1_144' title='bbox 333 3086 461 3138; x_wconf 77' lang='lat' dir='ltr'>moreiu-</span> <span class='ocrx_word' id='word_1_145' title='bbox 502 3069 538 3132; x_wconf 90' lang='lat' dir='ltr'>in</span> <span class='ocrx_word' id='word_1_146' title='bbox 560 3070 688 3152; x_wconf 80' lang='lat' dir='ltr'>purtem</span> <span class='ocrx_word' id='word_1_147' title='bbox 711 3087 779 3129; x_wconf 82' lang='lat' dir='ltr'>sues</span> <span class='ocrx_word' id='word_1_148' title='bbox 801 3064 1021 3130; x_wconf 78' lang='lat' dir='ltr'>solicitudinis</span> <span class='ocrx_word' id='word_1_149' title='bbox 1042 3065 1255 3150; x_wconf 80' lang='lat' dir='ltr'>ooedjutoms,</span> <span class='ocrx_word' id='word_1_150' title='bbox 1277 3088 1321 3134; x_wconf 83' lang='lat' dir='ltr'>ns</span> <span class='ocrx_word' id='word_1_151' title='bbox 1342 3069 1433 3135; x_wconf 85' lang='lat' dir='ltr'>solus</span> <span class='ocrx_word' id='word_1_152' title='bbox 1453 3069 1551 3135; x_wconf 82' lang='lat' dir='ltr'>susti·</span> 
     </span>
     <span class='ocr_line' id='line_1_22' title="bbox 333 3161 1552 3271; baseline 0.007 -40"><span class='ocrx_word' id='word_1_153' title='bbox 333 3161 435 3271; x_wconf 54' lang='lat' dir='ltr'>ffin‘</span> <span class='ocrx_word' id='word_1_154' title='bbox 503 3172 597 3233; x_wconf 85' lang='lat' dir='ltr'>norst</span> <span class='ocrx_word' id='word_1_155' title='bbox 619 3167 788 3254; x_wconf 84' lang='lat' dir='ltr'>nogotium</span> <span class='ocrx_word' id='word_1_156' title='bbox 811 3166 900 3252; x_wconf 93' lang='lat' dir='ltr'>quod</span> <span class='ocrx_word' id='word_1_157' title='bbox 929 3167 973 3234; x_wconf 86' lang='lat' dir='ltr'>sd</span> <span class='ocrx_word' id='word_1_158' title='bbox 1007 3168 1237 3254; x_wconf 75' lang='lat' dir='ltr'>complendum</span> <span class='ocrx_word' id='word_1_159' title='bbox 1258 3193 1318 3257; x_wconf 88' lang='lat' dir='ltr'>per</span> <span class='ocrx_word' id='word_1_160' title='bbox 1346 3178 1461 3238; x_wconf 83' lang='lat' dir='ltr'>sotum</span> <span class='ocrx_word' id='word_1_161' title='bbox 1482 3181 1552 3240; x_wconf 80' lang='lat' dir='ltr'>erut</span> 
     </span>
     <span class='ocr_line' id='line_1_23' title="bbox 501 3269 1552 3360; baseline 0.004 -24"><span class='ocrx_word' id='word_1_162' title='bbox 501 3293 602 3358; x_wconf 85' lang='lat' dir='ltr'>supre</span> <span class='ocrx_word' id='word_1_163' title='bbox 623 3271 710 3336; x_wconf 87' lang='lat' dir='ltr'>vires</span> <span class='ocrx_word' id='word_1_164' title='bbox 732 3271 834 3356; x_wconf 90' lang='lat' dir='ltr'>ipsius</span> <span class='ocrx_word' id='word_1_165' title='bbox 857 3269 966 3348; x_wconf 88' lang='lat' dir='ltr'>solius,</span> <span class='ocrx_word' id='word_1_166' title='bbox 990 3272 1048 3336; x_wconf 85' lang='lat' dir='ltr'>sed</span> <span class='ocrx_word' id='word_1_167' title='bbox 1069 3271 1178 3338; x_wconf 76' lang='lat' dir='ltr'>leuius</span> <span class='ocrx_word' id='word_1_168' title='bbox 1205 3271 1274 3338; x_wconf 75' lang='lat' dir='ltr'>siti</span> <span class='ocrx_word' id='word_1_169' title='bbox 1309 3282 1390 3342; x_wconf 79' lang='lat' dir='ltr'>esset</span> <span class='ocrx_word' id='word_1_170' title='bbox 1420 3275 1552 3360; x_wconf 76' lang='lat' dir='ltr'>pus-tito</span> 
     </span>
     <span class='ocr_line' id='line_1_24' title="bbox 500 3371 1551 3464; baseline 0.007 -26"><span class='ocrx_word' id='word_1_171' title='bbox 500 3395 600 3439; x_wconf 70' lang='lat' dir='ltr'>onere</span> <span class='ocrx_word' id='word_1_172' title='bbox 621 3371 665 3437; x_wconf 78' lang='lat' dir='ltr'>iu</span> <span class='ocrx_word' id='word_1_173' title='bbox 687 3371 782 3438; x_wconf 85' lang='lat' dir='ltr'>alios.</span> <span class='ocrx_word' id='word_1_174' title='bbox 828 3371 865 3438; x_wconf 82' lang='lat' dir='ltr'>Si</span> <span class='ocrx_word' id='word_1_175' title='bbox 888 3374 977 3437; x_wconf 92' lang='lat' dir='ltr'>enim</span> <span class='ocrx_word' id='word_1_176' title='bbox 998 3373 1044 3438; x_wconf 87' lang='lat' dir='ltr'>sio</span> <span class='ocrx_word' id='word_1_177' title='bbox 1066 3374 1139 3439; x_wconf 81' lang='lat' dir='ltr'>aliis</span> <span class='ocrx_word' id='word_1_178' title='bbox 1162 3375 1353 3442; x_wconf 73' lang='lat' dir='ltr'>tradidisset</span> <span class='ocrx_word' id='word_1_179' title='bbox 1377 3377 1551 3464; x_wconf 74' lang='lat' dir='ltr'>Judioundi</span> 
     </span>
     <span class='ocr_line' id='line_1_25' title="bbox 499 3473 1551 3562; baseline 0.008 -22"><span class='ocrx_word' id='word_1_180' title='bbox 499 3479 697 3562; x_wconf 77' lang='lat' dir='ltr'>potestatem</span> <span class='ocrx_word' id='word_1_181' title='bbox 722 3475 810 3560; x_wconf 91' lang='lat' dir='ltr'>quod</span> <span class='ocrx_word' id='word_1_182' title='bbox 840 3473 905 3539; x_wconf 91' lang='lat' dir='ltr'>sibi</span> <span class='ocrx_word' id='word_1_183' title='bbox 926 3474 1110 3554; x_wconf 82' lang='lat' dir='ltr'>ademisset,</span> <span class='ocrx_word' id='word_1_184' title='bbox 1144 3499 1212 3543; x_wconf 91' lang='lat' dir='ltr'>non</span> <span class='ocrx_word' id='word_1_185' title='bbox 1243 3479 1372 3544; x_wconf 79' lang='lat' dir='ltr'>dietum</span> <span class='ocrx_word' id='word_1_186' title='bbox 1404 3487 1493 3547; x_wconf 85' lang='lat' dir='ltr'>esset</span> <span class='ocrx_word' id='word_1_187' title='bbox 1512 3483 1551 3562; x_wconf 84' lang='lat' dir='ltr'>ei,</span> 
     </span>
     <span class='ocr_line' id='line_1_26' title="bbox 499 3576 1551 3662; baseline 0.003 -17"><span class='ocrx_word' id='word_1_188' title='bbox 499 3577 600 3645; x_wconf 78' lang='lat' dir='ltr'>Solus</span> <span class='ocrx_word' id='word_1_189' title='bbox 622 3576 715 3642; x_wconf 80' lang='lat' dir='ltr'>illud</span> <span class='ocrx_word' id='word_1_190' title='bbox 737 3599 810 3644; x_wconf 75' lang='lat' dir='ltr'>uon</span> <span class='ocrx_word' id='word_1_191' title='bbox 829 3577 959 3662; x_wconf 70' lang='lat' dir='ltr'>potetis</span> <span class='ocrx_word' id='word_1_192' title='bbox 980 3578 1169 3659; x_wconf 50' lang='lat' dir='ltr'>summm</span> <span class='ocrx_word' id='word_1_193' title='bbox 1184 3581 1241 3646; x_wconf 89' lang='lat' dir='ltr'>sed</span> <span class='ocrx_word' id='word_1_194' title='bbox 1263 3582 1389 3648; x_wconf 91' lang='lat' dir='ltr'>diotum</span> <span class='ocrx_word' id='word_1_195' title='bbox 1411 3591 1498 3650; x_wconf 81' lang='lat' dir='ltr'>esset</span> <span class='ocrx_word' id='word_1_196' title='bbox 1513 3585 1551 3662; x_wconf 87' lang='lat' dir='ltr'>ei,</span> 
     </span>
     <span class='ocr_line' id='line_1_27' title="bbox 499 3679 1553 3766; baseline 0.007 -20"><span class='ocrx_word' id='word_1_197' title='bbox 499 3681 587 3766; x_wconf 87' lang='lat' dir='ltr'>quod</span> <span class='ocrx_word' id='word_1_198' title='bbox 610 3686 719 3746; x_wconf 86' lang='lat' dir='ltr'>totum</span> <span class='ocrx_word' id='word_1_199' title='bbox 741 3680 814 3744; x_wconf 77' lang='lat' dir='ltr'>eliis</span> <span class='ocrx_word' id='word_1_200' title='bbox 836 3679 983 3746; x_wconf 75' lang='lat' dir='ltr'>traderet</span> <span class='ocrx_word' id='word_1_201' title='bbox 1005 3681 1063 3766; x_wconf 91' lang='lat' dir='ltr'>qui</span> <span class='ocrx_word' id='word_1_202' title='bbox 1085 3687 1195 3748; x_wconf 89' lang='lat' dir='ltr'>totum</span> <span class='ocrx_word' id='word_1_203' title='bbox 1217 3686 1427 3752; x_wconf 69' lang='lat' dir='ltr'>sustinerent</span> <span class='ocrx_word' id='word_1_204' title='bbox 1453 3688 1553 3753; x_wconf 88' lang='lat' dir='ltr'>Nunc</span> 
     </span>
     <span class='ocr_line' id='line_1_28' title="bbox 500 3782 1554 3874; baseline 0.008 -26"><span class='ocrx_word' id='word_1_205' title='bbox 500 3787 611 3848; x_wconf 83' lang='lat' dir='ltr'>sutem</span> <span class='ocrx_word' id='word_1_206' title='bbox 649 3782 686 3846; x_wconf 90' lang='lat' dir='ltr'>in</span> <span class='ocrx_word' id='word_1_207' title='bbox 716 3803 754 3848; x_wconf 82' lang='lat' dir='ltr'>eo</span> <span class='ocrx_word' id='word_1_208' title='bbox 788 3782 877 3868; x_wconf 90' lang='lat' dir='ltr'>quod</span> <span class='ocrx_word' id='word_1_209' title='bbox 911 3783 1040 3864; x_wconf 85' lang='lat' dir='ltr'>dicitur,</span> <span class='ocrx_word' id='word_1_210' title='bbox 1072 3784 1175 3852; x_wconf 76' lang='lat' dir='ltr'>Solus</span> <span class='ocrx_word' id='word_1_211' title='bbox 1196 3785 1289 3853; x_wconf 80' lang='lat' dir='ltr'>illud</span> <span class='ocrx_word' id='word_1_212' title='bbox 1321 3809 1396 3853; x_wconf 79' lang='lat' dir='ltr'>uon</span> <span class='ocrx_word' id='word_1_213' title='bbox 1423 3789 1554 3874; x_wconf 67' lang='lat' dir='ltr'>poteris</span> 
     </span>
     <span class='ocr_line' id='line_1_29' title="bbox 500 3884 1550 3975; baseline 0.004 -23"><span class='ocrx_word' id='word_1_214' title='bbox 500 3884 675 3962; x_wconf 72' lang='lat' dir='ltr'>sustinere,</span> <span class='ocrx_word' id='word_1_215' title='bbox 706 3884 877 3949; x_wconf 82' lang='lat' dir='ltr'>evidenter</span> <span class='ocrx_word' id='word_1_216' title='bbox 910 3885 1063 3950; x_wconf 86' lang='lat' dir='ltr'>innuitur</span> <span class='ocrx_word' id='word_1_217' title='bbox 1096 3888 1184 3974; x_wconf 91' lang='lat' dir='ltr'>quod</span> <span class='ocrx_word' id='word_1_218' title='bbox 1214 3887 1285 3975; x_wconf 85' lang='lat' dir='ltr'>ipse</span> <span class='ocrx_word' id='word_1_219' title='bbox 1321 3888 1439 3956; x_wconf 85' lang='lat' dir='ltr'>debuit</span> <span class='ocrx_word' id='word_1_220' title='bbox 1468 3892 1550 3958; x_wconf 92' lang='lat' dir='ltr'>illud</span> 
     </span>
     <span class='ocr_line' id='line_1_30' title="bbox 500 3987 1552 4079; baseline 0.005 -23"><span class='ocrx_word' id='word_1_221' title='bbox 500 3989 663 4056; x_wconf 85' lang='lat' dir='ltr'>sustinere</span> <span class='ocrx_word' id='word_1_222' title='bbox 679 3987 858 4074; x_wconf 87' lang='lat' dir='ltr'>negotium,</span> <span class='ocrx_word' id='word_1_223' title='bbox 882 4009 951 4052; x_wconf 92' lang='lat' dir='ltr'>uon</span> <span class='ocrx_word' id='word_1_224' title='bbox 974 3993 1087 4054; x_wconf 78' lang='lat' dir='ltr'>temen</span> <span class='ocrx_word' id='word_1_225' title='bbox 1108 3990 1204 4069; x_wconf 90' lang='lat' dir='ltr'>solus,</span> <span class='ocrx_word' id='word_1_226' title='bbox 1219 3992 1278 4057; x_wconf 89' lang='lat' dir='ltr'>sed</span> <span class='ocrx_word' id='word_1_227' title='bbox 1300 3991 1467 4079; x_wconf 73' lang='lat' dir='ltr'>adjunctis</span> <span class='ocrx_word' id='word_1_228' title='bbox 1489 3995 1552 4061; x_wconf 86' lang='lat' dir='ltr'>sibi</span> 
     </span>
     <span class='ocr_line' id='line_1_31' title="bbox 500 4088 1552 4178; baseline 0.005 -20"><span class='ocrx_word' id='word_1_229' title='bbox 500 4093 543 4158; x_wconf 83' lang='lat' dir='ltr'>ad</span> <span class='ocrx_word' id='word_1_230' title='bbox 573 4090 801 4156; x_wconf 89' lang='lat' dir='ltr'>sustinendum</span> <span class='ocrx_word' id='word_1_231' title='bbox 835 4088 920 4154; x_wconf 87' lang='lat' dir='ltr'>illud</span> <span class='ocrx_word' id='word_1_232' title='bbox 951 4091 1212 4178; x_wconf 84' lang='lat' dir='ltr'>eosdjutoribus3</span> <span class='ocrx_word' id='word_1_233' title='bbox 1242 4115 1305 4160; x_wconf 82' lang='lat' dir='ltr'>neo</span> <span class='ocrx_word' id='word_1_234' title='bbox 1325 4096 1490 4162; x_wconf 85' lang='lat' dir='ltr'>dioeretur</span> <span class='ocrx_word' id='word_1_235' title='bbox 1521 4098 1552 4162; x_wconf 84' lang='lat' dir='ltr'>ei</span> 
     </span>
     <span class='ocr_line' id='line_1_32' title="bbox 501 4179 1551 4280; baseline 0.006 -20"><span class='ocrx_word' id='word_1_236' title='bbox 501 4179 629 4271; x_wconf 83' lang='lat' dir='ltr'>itenim,</span> <span class='ocrx_word' id='word_1_237' title='bbox 666 4191 833 4278; x_wconf 71' lang='lat' dir='ltr'>leviumque</span> <span class='ocrx_word' id='word_1_238' title='bbox 868 4191 932 4256; x_wconf 79' lang='lat' dir='ltr'>tibi</span> <span class='ocrx_word' id='word_1_239' title='bbox 971 4193 1017 4258; x_wconf 78' lang='lat' dir='ltr'>sit</span> <span class='ocrx_word' id='word_1_240' title='bbox 1050 4194 1181 4280; x_wconf 73' lang='lat' dir='ltr'>partito</span> <span class='ocrx_word' id='word_1_241' title='bbox 1218 4194 1263 4261; x_wconf 77' lang='lat' dir='ltr'>iu</span> <span class='ocrx_word' id='word_1_242' title='bbox 1299 4196 1407 4263; x_wconf 82' lang='lat' dir='ltr'>olios⁴</span> <span class='ocrx_word' id='word_1_243' title='bbox 1444 4221 1551 4280; x_wconf 73' lang='lat' dir='ltr'>onore,</span> 
     </span>
     <span class='ocr_line' id='line_1_33' title="bbox 501 4294 1553 4389; baseline 0.004 -26"><span class='ocrx_word' id='word_1_244' title='bbox 501 4297 566 4363; x_wconf 85' lang='lat' dir='ltr'>nisi</span> <span class='ocrx_word' id='word_1_245' title='bbox 588 4302 623 4362; x_wconf 89' lang='lat' dir='ltr'>et</span> <span class='ocrx_word' id='word_1_246' title='bbox 645 4294 715 4382; x_wconf 89' lang='lat' dir='ltr'>ipse</span> <span class='ocrx_word' id='word_1_247' title='bbox 735 4299 863 4382; x_wconf 80' lang='lat' dir='ltr'>purtem</span> <span class='ocrx_word' id='word_1_248' title='bbox 887 4295 994 4360; x_wconf 88' lang='lat' dir='ltr'>oneris</span> <span class='ocrx_word' id='word_1_249' title='bbox 1016 4296 1150 4364; x_wconf 87' lang='lat' dir='ltr'>deberet</span> <span class='ocrx_word' id='word_1_250' title='bbox 1170 4305 1371 4386; x_wconf 75' lang='lat' dir='ltr'>supportare,</span> <span class='ocrx_word' id='word_1_251' title='bbox 1387 4307 1427 4366; x_wconf 90' lang='lat' dir='ltr'>ut</span> <span class='ocrx_word' id='word_1_252' title='bbox 1442 4301 1553 4389; x_wconf 88' lang='lat' dir='ltr'>plures</span> 
     </span>
    </p>
   </div>
   <div class='ocr_carea' id='block_1_3' title="bbox 831 4503 1212 4512">
    <p class='ocr_par' dir='ltr' id='par_1_3' title="bbox 831 4503 1212 4512">
     <span class='ocr_line' id='line_1_34' title="bbox 831 4503 1212 4512; baseline 0.01 -4"><span class='ocrx_word' id='word_1_253' title='bbox 831 4503 883 4508; x_wconf 87' lang='grc'>...-.</span> <span class='ocrx_word' id='word_1_254' title='bbox 903 4504 921 4508; x_wconf 88' lang='grc'>-.</span> <span class='ocrx_word' id='word_1_255' title='bbox 933 4503 1212 4512; x_wconf 61' lang='lat'>-——--—-—-.--</span> 
     </span>
    </p>
   </div>
   <div class='ocr_carea' id='block_1_4' title="bbox 537 4628 1551 4783">
    <p class='ocr_par' dir='ltr' id='par_1_4' title="bbox 537 4628 1551 4783">
     <span class='ocr_line' id='line_1_35' title="bbox 538 4628 1551 4700; baseline 0.007 -22"><span class='ocrx_word' id='word_1_256' title='bbox 538 4628 638 4694; x_wconf 58' lang='grc' dir='ltr'><strong>ἐπίῃ]</strong></span> <span class='ocrx_word' id='word_1_257' title='bbox 657 4644 705 4678; x_wconf 89' lang='lat' dir='ltr'>om.</span> <span class='ocrx_word' id='word_1_258' title='bbox 719 4628 809 4680; x_wconf 85' lang='lat' dir='ltr'>C.C.C.</span> <span class='ocrx_word' id='word_1_259' title='bbox 1085 4634 1255 4700; x_wconf 58' lang='grc' dir='ltr'>’πατρωίῃ</span> <span class='ocrx_word' id='word_1_260' title='bbox 1269 4643 1396 4699; x_wconf 75' lang='lat' dir='ltr'>usurpent,</span> <span class='ocrx_word' id='word_1_261' title='bbox 1407 4635 1489 4696; x_wconf 65' lang='lat' dir='ltr'>iliu,</span> <span class='ocrx_word' id='word_1_262' title='bbox 1501 4637 1551 4687; x_wconf 83' lang='lat' dir='ltr'>Ox.</span> 
     </span>
     <span class='ocr_line' id='line_1_36' title="bbox 537 4707 1382 4783; baseline 0.005 -23"><span class='ocrx_word' id='word_1_263' title='bbox 537 4711 548 4739; x_wconf 85' lang='lat'><strong>²</strong></span> <span class='ocrx_word' id='word_1_264' title='bbox 564 4707 714 4776; x_wconf 61' lang='lat' dir='ltr'>Jerusalem]</span> <span class='ocrx_word' id='word_1_265' title='bbox 724 4709 844 4772; x_wconf 70' lang='lat' dir='ltr'>judioem</span> <span class='ocrx_word' id='word_1_266' title='bbox 857 4709 938 4772; x_wconf 71' lang='lat' dir='ltr'>min,</span> <span class='ocrx_word' id='word_1_267' title='bbox 950 4712 1000 4762; x_wconf 78' lang='lat'>01.</span> <span class='ocrx_word' id='word_1_268' title='bbox 1085 4712 1094 4740; x_wconf 80' lang='lat'><strong>⁴</strong></span> <span class='ocrx_word' id='word_1_269' title='bbox 1110 4710 1188 4781; x_wconf 70' lang='lat' dir='ltr'>albe]</span> <span class='ocrx_word' id='word_1_270' title='bbox 1207 4713 1299 4783; x_wconf 71' lang='lat' dir='ltr'>aliquo,</span> <span class='ocrx_word' id='word_1_271' title='bbox 1311 4713 1382 4770; x_wconf 58' lang='lat' dir='ltr'>Tim</span> 
     </span>
    </p>
   </div>
   <div class='ocr_carea' id='block_1_5' title="bbox 0 0 1763 5784">
    <p class='ocr_par' dir='ltr' id='par_1_5' title="bbox 0 0 1763 5784">
     <span class='ocr_line' id='line_1_37' title="bbox 0 0 1763 5784; baseline 0 0"><span class='ocrx_word' id='word_1_272' title='bbox 0 0 1763 5784; x_wconf 95' lang='lat' dir='ltr'> </span> 
     </span>
    </p>
   </div>
  </div>
 </body>
</html>
