3500 5784
699 876 876 931 urreronu
1273 866 1315 928 15
1419 900 1422 905 -

266 1060 355 1146 quod
387 1058 554 1125 ambiente
585 1056 679 1124 locali
710 1058 879 1145 superficie
912 1056 1093 1135 claudetur,
1126 1058 1180 1121 vel
1213 1078 1313 1145 punc-

265 1164 350 1229 tuoli
372 1163 440 1228 situ
461 1163 498 1227 in
519 1162 662 1227 termino
692 1161 787 1227 lineae
816 1160 958 1246 figetur3
996 1160 1053 1225 sed
1075 1160 1164 1247 quod
1192 1161 1228 1225 in
1257 1162 1315 1225 illo

266 1266 336 1331 loco
365 1266 529 1331 contentis
562 1264 769 1350 praefioietur,
801 1264 931 1350 speciali
962 1263 1072 1350 aliquo
1102 1264 1229 1349 egentis
1258 1284 1315 1328 seu

265 1368 472 1455 presidentis
487 1366 692 1455 ope1ulione¹
711 1367 754 1431 od
768 1366 825 1431 ille
839 1372 976 1453 receptu
1012 1366 1049 1432 Si
1064 1367 1166 1432 etiem
1182 1367 1315 1452 angelus
1388 1397 1393 1405 ’

266 1471 363 1537 elicui
396 1476 550 1537 contento
583 1470 638 1535 vel
671 1469 834 1535 contentio
879 1470 1100 1535 ministerium
1145 1469 1316 1535 exhiberet

266 1574 443 1651 servitutis,
482 1573 696 1639 nihilominus
734 1570 858 1637 ibidem
904 1594 972 1638 esee
1018 1572 1187 1639 diceretur
1256 1573 1315 1637 Di-

267 1683 388 1743 cuntur
425 1697 554 1763 quoque
590 1676 670 1741 muli
707 1675 816 1761 angeli
854 1696 923 1740 esee
959 1675 996 1739 in
1033 1677 1099 1741 isto
1133 1683 1207 1741 aere
1241 1678 1317 1743 culi-

266 1782 388 1867 ginooo,
421 1784 455 1845 et
485 1780 522 1845 in
552 1779 688 1861 inferno,
712 1783 747 1843 et
769 1779 920 1844 similiter
941 1779 1062 1845 nnimae
1090 1780 1250 1845 melorum
1280 1780 1317 1845 in

267 1882 395 1949 inferno
429 1882 507 1961 loeo,
543 1882 678 1947 scilicet'
701 1880 842 1968 quadem
880 1883 1041 1969 corporali
1076 1883 1202 1969 poenu²‚
1240 1874 1318 1970 quio

267 1986 403 2074 spirituo
434 1986 641 2072 incorporeus
673 1984 709 2048 in
740 1984 798 2049 illo
829 1984 901 2050 loco
927 2006 996 2051 esee
1022 1986 1098 2071 jure
1120 1986 1250 2065 dieitur,
1274 1986 1317 2052 ed

269 2090 361 2176 eujus
392 2090 454 2155 loci
472 2098 474 2103 ’
489 2092 720 2153 contentorum
750 2108 921 2175 corporum
953 2089 1134 2175 corporales
1156 2090 1317 2154 motiones

267 2194 337 2280 ipse
375 2192 512 2280 spirituo
547 2192 681 2277 potitur.
743 2190 837 2257 Siout
875 2191 964 2256 enim
1002 2193 1113 2257 enimn
1150 2191 1229 2256 dum
1267 2198 1318 2257 eet

268 2296 304 2361 in
338 2316 470 2381 corpore
503 2294 591 2379 quod
617 2297 753 2381 vegetet
786 2294 829 2359 ed
860 2292 1057 2360 monitiones
1085 2296 1227 2383 corporis
1260 2318 1318 2382 per

268 2398 445 2485 qualitates
482 2396 649 2462 sensibiles
684 2397 880 2463 excellentes
902 2398 1030 2486 potitur
1061 2405 1095 2463 et
1125 2404 1318 2485 torquetur;

268 2504 315 2567 sio
352 2500 462 2567 enimn
499 2505 649 2586 soporato
688 2520 761 2585 qure
801 2500 887 2565 mule
924 2502 1045 2567 meruit
1082 2507 1118 2567 et
1155 2501 1319 2568 daemonee

268 2626 369 2691 preve
403 2603 511 2668 effecti
543 2602 583 2666 od
608 2602 729 2667 alieubi
759 2607 916 2669 contento
945 2626 1081 2691 corpore
1109 2607 1153 2669 nd
1185 2606 1318 2669 illorum

269 2728 439 2795 corporum
476 2704 637 2771 motiones
675 2727 733 2793 per
770 2706 947 2791 qualitates
985 2707 1154 2772 sensibiles
1187 2709 1319 2793 patiun÷

267 2817 324 2876 tur
357 2817 392 2877 et
429 2814 633 2896 torquentur.
695 2808 788 2874 Siout
826 2811 914 2874 enim
944 2809 1078 2896 spiritus
1108 2830 1175 2875 non
1205 2811 1320 2877 unitus

269 2914 403 3001 corpori,
436 2913 547 2999 aliquo
580 2912 677 2977 modo
711 2912 848 2978 affectus
874 2913 917 2977 od
944 2911 1029 2977 illud
1054 2916 1165 2999 potest
1187 2936 1319 2980 movere

268 3038 393 3105 corpus,
427 3016 589 3102 quomodo
634 3019 747 3080 movet
777 3014 862 3080 illud
903 3015 1014 3080 animo
1055 3016 1181 3103 corpori
1214 3019 1317 3097 unite

269 3121 315 3187 sie
366 3120 522 3186 nimirum
576 3118 711 3205 spiritus
756 3138 824 3182 non
869 3116 982 3183 unitus
1026 3119 1161 3207 corpori,
1208 3122 1319 3207 aliquo

269 3222 365 3289 modo
397 3222 533 3288 affectus
565 3222 608 3286 ad
639 3219 733 3299 illud,
760 3225 871 3308 potest
897 3221 970 3307 peti
996 3227 1087 3287 moto
1118 3244 1251 3311 corpore
1277 3225 1319 3290 n]

270 3326 358 3414 quod
393 3324 563 3403 afficiatur,
601 3322 687 3389 sicut
725 3324 835 3389 animo
880 3324 1007 3412 corpori
1051 3326 1147 3391 unito
1183 3328 1318 3413 patitur,

269 3434 358 3495 moto
403 3450 534 3515 corpore
572 3427 624 3493 eui
661 3427 782 3493 unitur.
850 3426 917 3493 Sed
953 3428 1115 3513 numquid
1151 3428 1236 3495 sicut
1278 3432 1321 3495 ad

268 3533 431 3599 motiones
453 3530 594 3618 corporis
625 3530 668 3595 ed
703 3530 791 3616 quod
820 3550 921 3617 prove
950 3530 1098 3609 officitur,
1129 3532 1257 3618 petitur
1287 3538 1321 3599 et

269 3641 444 3723 torquetur
493 3634 629 3720 spiritns
663 3632 777 3711 molus,
814 3632 861 3698 eic
898 3632 941 3697 od
979 3633 1141 3698 motiones
1179 3636 1320 3721 corporis

270 3740 314 3804 nd
354 3736 444 3825 quod
487 3736 571 3802 bene
623 3734 773 3814 efficitur,
826 3740 937 3821 potest
974 3736 1046 3822 pati
1083 3736 1321 3803 delectabiliter

269 3841 406 3928 spiritus
428 3839 541 3918 bonue,
565 3845 604 3904 ut
625 3838 687 3903 boc
710 3838 754 3904 eit
777 3838 878 3904 etiem
908 3838 1041 3925 spiritui
1070 3837 1156 3905 bono
1188 3862 1256 3906 cese
1286 3843 1322 3907 in

269 3944 379 4030 eliquo
412 3942 569 4028 corporali
603 3942 681 4022 loco,
707 3942 795 4027 quod
832 3942 875 4006 od
906 3941 1051 4027 ejusdem
1089 3942 1152 4008 loci
1189 3950 1322 4011 conten-

270 4054 380 4112 torum
406 4065 577 4131 corporum
607 4046 768 4110 motiones
799 4044 1038 4111 delectabiliter-
1063 4046 1231 4133 pati[tur],
1255 4048 1322 4136 (est

273 4150 360 4215 enim
392 4148 499 4236 poseio
527 4147 737 4229 delectabilia,
772 4148 856 4213 siout
888 4153 923 4213 et
955 4149 1063 4235 peeeio
1089 4152 1249 4235 poenalie3
1287 4153 1322 4216 in

272 4252 443 4317 sentiendo
480 4250 568 4315 enim
605 4250 714 4315 media
751 4250 990 4316 delectabiliter
1034 4252 1161 4337 potitur
1203 4256 1321 4331 enimn,

274 4358 359 4421 sieut
396 4354 569 4443 poenaliter
602 4354 729 4441 potitur
762 4352 799 4417 in
832 4352 1003 4418 sentiendo
1037 4354 1232 4421 excellentie
1264 4378 1321 4421 ex-

375 4686 381 4714 ¹
399 4685 550 4750 operatione]
570 4685 826 4749 comparutionem.

372 4766 383 4795 ²
399 4764 526 4829 quodam.
545 4802 552 4815 .
566 4766 653 4831 puna]
673 4748 1188 4847 quodibrcorporollpennll,0.0.(l.,01.
