3500 5784
503 820 566 890 sis
828 835 975 886 rossum
997 837 1226 886 orossrrssrs

503 1013 605 1080 tionis
634 1019 669 1079 et
702 1014 926 1100 inquisitionis
952 1013 1084 1080 officiot
1128 1013 1269 1101 Liquere
1285 1010 1372 1080 'setis
1395 1012 1553 1092 videtur,¹

505 1117 592 1203 quod
614 1137 680 1182 uon
703 1115 806 1193 sliter,
831 1123 892 1181 sut
917 1115 1007 1202 quod
1039 1137 1107 1182 non
1137 1121 1208 1181 tem
1237 1117 1365 1203 liquido
1399 1122 1557 1204 sgnosoet

505 1218 624 1298 eliter;
661 1218 748 1283 unde
783 1223 818 1284 et
851 1220 888 1284 in
925 1219 1039 1284 eodem
1075 1218 1254 1284 Ezechielis
1291 1219 1445 1306 capitulo,
1484 1220 1555 1306 ipse

501 1321 664 1386 Dominus
698 1318 848 1408 prineeps
881 1325 1057 1408 postorum,
1087 1321 1124 1384 in
1153 1343 1219 1407 quo
1256 1343 1370 1387 omnes
1406 1325 1555 1408 pastores

501 1429 580 1488 sunt
601 1445 688 1488 unus
711 1433 830 1509 postor,
855 1427 890 1488 et
923 1423 981 1509 qui
1014 1428 1169 1512 operetur
1202 1426 1239 1490 in
1269 1426 1316 1490 eis
1337 1445 1423 1510 opus
1444 1431 1554 1511 pasto-

501 1525 576 1604 rsie,
608 1531 647 1590 ut
685 1527 747 1612 ipsi
780 1549 846 1591 non
884 1527 952 1592 sint
988 1527 1048 1612 qui
1079 1534 1265 1614 operantur,
1299 1527 1358 1592 sed
1391 1528 1463 1613 ipse
1494 1527 1553 1612 qui

344 1649 348 1662 ·
399 1665 414 1698 s
438 1663 480 1697 .ι.
504 1632 658 1716 operetur·
680 1629 716 1692 in
739 1629 793 1706 eis,
818 1629 905 1695 siout
925 1651 986 1694 neo
1007 1629 1070 1717 ipsi
1093 1634 1173 1696 sunt
1202 1631 1260 1716 qui
1282 1631 1473 1716 loquuntur,
1495 1628 1579 1694 sed·

367 1753 372 1764 ·
501 1731 662 1822 Spiritus
676 1731 796 1797 Patris
810 1732 873 1819 qui
896 1731 1050 1819 loquitur
1062 1731 1107 1798 in
1119 1732 1177 1809 eis,
1200 1733 1236 1797 iu
1250 1755 1285 1798 se
1299 1732 1382 1798 slios
1402 1733 1552 1798 edunsns

504 1841 657 1923 pastores,
692 1833 779 1920 quod
817 1834 952 1900 visitare
985 1833 1138 1915 debeant,
1172 1842 1207 1901 et
1244 1835 1385 1921 qualiter
1415 1835 1552 1900 visitare

420 1983 425 1996 .
503 1937 653 2014 debeeut,
677 1935 822 2002 ostendit
844 1936 962 2015 dieens,
985 1936 1066 2003 Eoos
1099 1959 1158 2022 eqo
1186 1937 1260 2024 ipse
1281 1937 1462 2022 requiram
1479 1958 1552 2002 oute

468 2053 601 2119 mon,
633 2045 662 2103 s
691 2037 834 2104 essu
870 2038 974 2120 sun
1003 2039 1091 2105 sess
1119 2038 1240 2105 ossas
1273 2046 1391 2124 passm
1418 2059 1551 2126 ysayam

502 2163 614 2218 suum,
637 2141 681 2206 io
695 2139 752 2206 clie
772 2141 913 2227 quoodo
930 2141 1045 2226 suerit
1068 2141 1112 2208 irs
1132 2141 1247 2208 mdiu
1261 2140 1381 2208 omum
1402 2164 1552 2208 mserum

502 2243 764 2330 dissipatorum,
781 2242 830 2309 sio
848 2243 993 2310 visitabo
1015 2265 1072 2310 eos
1085 2252 1116 2311 et
1131 2242 1276 2311 liberato
1289 2243 1369 2310 eas'
1383 2243 1427 2310 ds
1441 2245 1551 2310 orneri-

499 2347 560 2413 bus
583 2346 663 2412 loeis
692 2343 737 2410 irs'
757 2345 881 2432 quibus
903 2345 1063 2432 dispersoe
1077 2345 1224 2432 suerunt
1244 2348 1289 2413 irs
1309 2346 1367 2412 die
1395 2345 1503 2413 nubes
1523 2355 1551 2413 et

500 2449 670 2536 reliquus.
717 2449 800 2515 Eece
822 2449 911 2535 quod
933 2455 1062 2535 oportet
1090 2455 1255 2537 pastorem
1289 2451 1477 2515 enimsrum
1498 2471 1551 2516 ess

502 2555 644 2633 visitare,
676 2557 710 2618 et
740 2553 841 2618 etiem
878 2553 924 2617 sic
945 2552 1081 2618 visitare
1106 2575 1161 2618 ees
1182 2551 1272 2618 meist
1289 2559 1410 2638 pastor
1434 2552 1550 2619 visitet

499 2678 632 2744 properi
656 2676 762 2722 suurn
783 2653 827 2720 irs
849 2654 906 2720 die
931 2654 1074 2742 quondo
1090 2655 1206 2742 fuerit
1229 2655 1275 2720 irs
1295 2655 1412 2720 medio
1433 2655 1548 2722 ouium

500 2781 648 2826 suorum
663 2758 924 2844 dissipatarum.
971 2759 1088 2824 Pastor
1109 2763 1222 2824 sutem
1237 2758 1350 2824 ovium
1369 2781 1427 2824 ess
1442 2759 1478 2823 iu
1498 2759 1549 2824 die

501 2863 628 2943 visitet,
643 2866 683 2927 ut
704 2861 742 2926 in
756 2860 827 2927 luoe
850 2860 918 2926 diei
935 2885 990 2928 ess
1013 2883 1189 2948 eurumque
1212 2861 1418 2926 differentius
1431 2862 1549 2947 ubsque

500 2987 609 3031 errore
631 2969 811 3050 cognoseat,
835 2971 869 3030 et
892 2967 1035 3030 menime
1056 2987 1131 3030 eum
1154 2969 1205 3029 est
1225 2962 1269 3031 irs
1298 2962 1414 3030 studio
1434 2962 1548 3031 ouium

500 3089 646 3134 suarum
661 3067 926 3152 dissipatorum,
942 3074 1023 3132 tuno
1037 3067 1233 3132 festinanter
1248 3066 1423 3147 discurrit3
1445 3069 1551 3134 omnis

505 3177 673 3236 scrutetur
710 3169 929 3250 diverticula;
963 3170 1066 3236 donec
1102 3169 1277 3256 dissipates
1313 3170 1484 3237 invenerit
1518 3177 1549 3236 et

501 3274 654 3338 inventas
688 3273 864 3338 reduxerit.
911 3273 966 3338 Sic
998 3273 1102 3359 igitur
1132 3277 1245 3358 postor
1277 3274 1464 3339 animarum
1500 3295 1549 3339 ers

499 3377 617 3441 visitet
639 3376 674 3440 in
698 3377 759 3455 die,
776 3375 812 3440 id
827 3380 886 3455 est,
903 3377 939 3439 in
961 3375 1032 3441 lues
1046 3374 1280 3460 inquisitionis,
1296 3376 1400 3440 donec
1423 3377 1460 3440 in
1482 3377 1548 3442 luoe

499 3477 746 3565 inquisitionis³
790 3501 845 3543 eas
890 3499 1065 3564 serumque
1102 3477 1232 3542 noverit
1268 3476 1482 3554 differentias
1518 3485 1550 3543 et

498 3581 641 3646 maxime
672 3602 746 3646 eum
768 3585 819 3646 est
845 3581 883 3645 in
904 3580 1011 3646 medio
1032 3582 1217 3646 animarum
1245 3601 1304 3666 per
1325 3579 1413 3644 vitis
1433 3581 1549 3646 disoor·

499 3684 615 3749 dsntie
637 3688 671 3749 et
700 3705 829 3748 morum
867 3682 1168 3749 dissimilitudinem
1202 3681 1444 3767 dissipatorum,
1471 3689 1549 3748 tune

499 3787 609 3854 omnia
635 3785 786 3874 diligenti
809 3786 1021 3871 inquisitione
1036 3791 1268 3873 perscrutetur,
1282 3785 1386 3850 donee
1399 3785 1446 3851 sic
1460 3785 1550 3852 dissi·

499 3897 650 3980 petasum
673 3911 778 3956 mores
800 3889 982 3976 agnoverit,
998 3894 1032 3955 et
1054 3889 1097 3954 ad
1112 3889 1276 3954 virtutum
1298 3888 1504 3954 eoncordism
1516 3895 1550 3954 et

500 3994 662 4060 unitatem
685 3992 862 4071 reduxerit,
886 3997 920 4056 et
942 3993 988 4057 sie
1009 3991 1149 4057 visitem
1171 3991 1361 4056 libersvmit
1378 3991 1549 4078 dissipetur

500 4121 521 4162 a
535 4094 671 4160 diversis
685 4095 762 4160 loeis
777 4095 996 4182 dispersionis,
1011 4095 1048 4160 id
1071 4100 1130 4174 est,
1145 4117 1167 4159 s
1187 4092 1326 4159 diversis
1347 4093 1465 4159 illicite
1478 4116 1548 4160 oon·

500 4199 627 4287 cupitis
673 4198 727 4264 Ibi
749 4198 845 4277 enim,
870 4199 965 4284 qussi
986 4198 1024 4262 in
1037 4198 1118 4278 loeo,
1133 4197 1255 4262 dieitur
1268 4218 1337 4262 esse
1359 4197 1478 4273 anima,
1493 4197 1547 4262 ubi

501 4309 552 4368 est
577 4299 629 4366 res
655 4301 697 4365 eb
734 4301 804 4387 ipsa
839 4300 1018 4387 plurimum
1049 4301 1226 4387 eoncupits,
1274 4299 1421 4366 Inoidit⁴
1442 4307 1547 4365 sutem

537 4608 543 4637 ¹
563 4607 668 4672 ridetur]
687 4605 829 4664 videndum,
842 4603 915 4653 Tris.
1082 4603 1190 4649 ’dorm
1203 4636 1209 4648 .
1223 4638 1228 4649 .
1241 4598 1469 4664 inquisitionum
1481 4598 1547 4648 Tris.

536 4771 585 4818 ἰι
596 4763 769 4830 rismum]
788 4777 836 4814 om.
849 4761 939 4814 oec.
1049 4679 1215 4824 eliisei]
1233 4757 1334 4818 nuos
1346 4755 1418 4810 urin.
