3500 5784
727 881 905 930 russone.
1296 867 1340 931 93

295 1055 325 1115 tc
351 1049 449 1116 bodie
478 1069 581 1138 stipor
610 1055 721 1136 peotes
754 1055 784 1116 ct
813 1069 917 1136 cuper
948 1068 1061 1134 repro,
1088 1055 1128 1115 ut
1161 1047 1278 1114 weilos
1311 1053 1341 1112 et

296 1151 449 1218 marca
493 1159 523 1218 ct
567 1151 746 1238 disperdas
790 1159 819 1218 ct
857 1150 1003 1239 dissipes
1033 1157 1063 1218 ot
1100 1148 1265 1234 <notificesl
1313 1155 1343 1214 ct

295 1253 435 1340 plumea
479 1254 686 1320 Divisionem
708 1259 819 1321 autem
841 1253 981 1321 duorum
1004 1254 1187 1341 gladiorum
1208 1257 1342 1318 actuum

295 1360 329 1423 et
366 1356 505 1424 duarum
541 1357 651 1443 legum
688 1356 724 1420 in
761 1356 922 1443 principes
958 1356 1057 1422 seculi
1102 1362 1137 1422 et
1181 1354 1344 1442 principes

296 1458 446 1538 ecclesiae,
474 1459 637 1524 unitatem
669 1463 802 1524 tantum
834 1459 1010 1545 potestatis
1037 1459 1210 1544 utriusque
1240 1456 1342 1544 gladii

296 1565 329 1628 et
352 1562 523 1648 utriusque
556 1561 638 1649 legis
672 1581 771 1648 penes
802 1561 965 1647 principes
995 1561 1137 1654 ecclesise
1169 1564 1341 1636 retentam,

295 1669 376 1750 puto
399 1669 596 1731 monstrasse
619 1669 654 1731 et
683 1663 871 1730 ordiussse⁹
893 1665 1002 1750 ipsum
1023 1663 1204 1730 Dominum
1227 1662 1343 1728 Jesum

297 1765 475 1845 Christum,
490 1767 622 1853 quando
644 1787 718 1833 cum
740 1766 948 1853 cognovisset
970 1766 1050 1853 quia
1066 1766 1202 1833 venturi
1224 1769 1343 1845 essent,

296 1891 376 1955 quos
406 1875 546 1957 paverat
576 1870 618 1937 de
649 1869 795 1956 quinque
817 1869 959 1956 panibus
983 1875 1017 1936 et
1039 1868 1168 1934 duobus
1189 1867 1341 1955 piscibus,
1357 1886 1497 1941 stota.

295 1978 334 2038 ot
367 1978 526 2059 raperem
559 1993 638 2038 cum
671 1978 700 2038 ot
727 1970 881 2057 facerent
913 1993 992 2038 cum
1023 1993 1142 2058 repon,
1168 1969 1267 2058 sopit
1299 1969 1343 2034 iu
1358 1960 1395 2006 ¹⁵·

295 2080 444 2142 mnam
454 2099 470 2154 ,·
491 2080 529 2141 et
549 2074 670 2140 iterum
686 2073 817 2160 quando
839 2095 915 2140 cum
936 2074 1084 2160 quidum
1105 2074 1145 2139 do
1167 2071 1269 2138 turbo
1289 2073 1343 2137 ait
1355 2083 1381 2135 s.
1394 2084 1511 2138 unexit.

295 2175 377 2242 uu:
399 2176 572 2262 uapaoa
588 2175 647 2244 ooo
661 2175 774 2263 siau
789 2197 860 2244 aa>
874 2183 915 2242 ac
937 2176 1075 2243 uiuus
1094 2196 1228 2242 mam
1241 2174 1342 2240 cora
1357 2157 1396 2211 ¹³·
1410 2157 1447 2202 ¹⁴·

296 2269 439 2346 statem
449 2304 464 2360 ;
480 2279 573 2348 dicit
595 2279 645 2347 ei:
668 2280 787 2359 Homo,
811 2279 892 2368 quis
913 2301 967 2346 uio
996 2280 1173 2347 emistituit
1189 2278 1344 2366 jtcdioem

297 2388 358 2448 out
384 2381 570 2450 divisorem
599 2403 703 2469 siper
731 2387 814 2450 vos?
859 2382 986 2448 Actum
1007 2383 1096 2448 enim
1125 2382 1286 2469 regnandi
1308 2386 1343 2446 et

254 2515 258 2522 ·
293 2484 465 2570 judicandi
487 2485 527 2551 de
551 2484 786 2572 temporalibus
809 2484 977 2551 duntaxat
997 2485 1108 2573 fugit3
1129 2507 1197 2550 non
1219 2484 1344 2570 regiam

295 2588 349 2668 vel
388 2587 597 2674 judiciariam
642 2591 840 2673 potestatem
885 2586 1015 2673 abjecit,
1069 2609 1143 2652 cum
1188 2607 1265 2652 vere
1309 2591 1344 2650 et

296 2690 492 2756 naturaliter
522 2711 583 2756 rex
613 2695 707 2767 esset,
726 2689 831 2775 judex
858 2689 1049 2768 caelestium,
1072 2689 1284 2766 terrestrium,
1308 2695 1343 2753 et

296 2779 520 2870 infernorum
543 2796 731 2858 monstrans
754 2791 790 2856 in
812 2792 873 2858 hoc
903 2792 1066 2878 principes
1097 2792 1237 2857 ecclesiae
1260 2795 1342 2856 tem-

297 2915 373 2981 pore
410 2895 527 2980 gratiss
572 2915 640 2960 non
682 2894 798 2960 debere
835 2916 932 2973 saeva,
973 2899 1034 2960 aut
1077 2915 1239 2960 saevorum
1283 2916 1342 2958 seu

296 2996 526 3083 temporalium
558 2995 684 3081 judicia
719 2996 892 3062 actualiter
932 3017 1105 3076 exercere;
1143 2999 1341 3082 potestatem

296 3103 407 3164 tamen
452 3119 581 3164 ornnem
626 3119 725 3185 penes
763 3119 819 3164 eos
862 3119 1032 3164 remanere
1077 3102 1112 3163 ct
1148 3120 1191 3163 ex
1229 3118 1341 3163 eorum

296 3206 461 3288 potestate
494 3205 605 3268 sctum
637 3201 756 3266 talium
788 3201 825 3266 in
861 3200 1023 3289 principes
1060 3199 1161 3266 seculi
1194 3201 1343 3267 transire.

298 3303 531 3391 Obtemperare
564 3303 669 3390 igitur
713 3308 844 3390 oportet
881 3303 970 3389 leges
1015 3303 1199 3390 principum
1243 3303 1343 3368 seculi

296 3406 423 3493 legibus
454 3406 585 3484 divinis,
609 3411 644 3472 et
675 3405 899 3472 ecclesiasticis
932 3427 1001 3473 non
1031 3426 1232 3493 repugnare3
1254 3405 1343 3491 quod

297 3510 325 3574 si
358 3509 468 3596 gladio
504 3514 564 3574 cut
603 3507 685 3596 legis
722 3509 959 3574 constitutione
995 3514 1158 3595 repugnat
1194 3508 1343 3595 princeps

296 3611 447 3678 secularis
481 3609 611 3678 Christo
648 3616 707 3676 aut
751 3610 901 3690 ecclesiae,
939 3609 1131 3676 inobediens
1174 3609 1344 3676 invenitur

297 3713 389 3779 Patri
420 3734 479 3779 suo
502 3713 633 3779 Christo
666 3714 723 3800 qui
755 3735 829 3780 eum
861 3714 979 3801 genuit
1001 3715 1101 3779 verbo
1123 3713 1287 3793 veritatis,
1308 3717 1344 3778 et

297 3816 396 3884 matri
428 3837 497 3881 suae
527 3837 602 3902 quae
635 3838 711 3882 eum
744 3817 871 3904 peperit
903 3817 944 3882 de
976 3837 1066 3882 sacro
1097 3815 1189 3881 fonte
1219 3815 1343 3902 baptis-

296 3919 417 3997 matis3
439 3921 560 4004 estque,
591 3917 701 3983 sicut³
734 3917 889 3984 scribitur
919 3919 956 3984 in
988 3917 1221 3997 Ecclesiastico,
1242 3917 1499 3986 mieceslaum.

291 4021 407 4106 samoe,
440 4019 502 4106 qui
531 4019 698 4106 relinquit
725 4027 869 4108 patron,
904 4027 934 4087 ct
967 4020 1170 4087 musteus
1207 4042 1230 4085 o
1262 4021 1340 4099 Deo,
1358 4008 1395 4053 ¹⁸·

297 4122 359 4210 qui
391 4127 566 4210 orosperot
597 4129 769 4201 matrem·
806 4122 1027 4189 eradicabitur
1058 4145 1187 4210 quoque
1224 4122 1342 4187 funda

297 4229 449 4291 mentum
481 4223 559 4309 ejus,
594 4225 681 4290 sicut
712 4224 749 4290 in
784 4225 898 4291 codem
929 4225 1013 4292 libro
1047 4226 1223 4292 scribitur:
1248 4225 1342 4308 Quiri
1354 4244 1453 4296 uolua
1463 4244 1499 4294 iii.

297 4325 639 4396 mactatos
660 4325 1111 4413 massmannum
1358 4316 1395 4362 ¹¹·

1575 4175 1670 4248 ..ν

302 4533 495 4540 um·-
505 4529 1340 4541 ...—--.—.-.--—-—-—-—-—--————...-.-·.-——-..-

332 4681 340 4712 ¹
358 4639 507 4747 ctoeifiree]
525 4694 575 4730 om.
587 4677 676 4730 c.c.c.

333 4762 343 4791 ¹
359 4761 529 4824 reordinasse]
547 4775 596 4810 om.
609 4758 698 4812 G.C.C.
