3500 5784
454 850 518 913 158
780 866 928 915 roesam
951 864 1179 915 esoeemrsrs
1203 926 1205 929 ¹

452 1038 639 1105 sobrietatis
679 1041 802 1126 seipsos
846 1040 988 1107 reddant
1034 1040 1159 1107 habiles
1211 1037 1269 1105 ut¹
1324 1037 1500 1103 secundum

452 1141 634 1207 doctrinam
674 1142 738 1207 Dei
775 1142 920 1209 habeant
966 1144 1136 1209 scientiam
1174 1142 1377 1207 discernendi
1414 1139 1502 1203 inter

451 1249 601 1311 sanctum
624 1250 659 1311 et
681 1246 894 1331 prophanum,
912 1246 1178 1332 interpellatum
1201 1250 1236 1309 et
1257 1243 1427 1321 mundum,
1443 1242 1501 1307 do·

451 1352 609 1432 ceantque
623 1349 780 1434 populum
804 1350 915 1415 omnia
940 1349 1089 1435 legitima
1114 1348 1249 1413 Domini
1276 1370 1350 1433 quae
1373 1346 1501 1413 locutus

451 1455 502 1515 eet
523 1472 582 1536 per
603 1472 739 1515 manum
761 1450 879 1537 Moysi.
926 1451 1013 1532 Quia
1035 1451 1137 1517 etiam
1153 1450 1279 1515 Levitis
1302 1450 1428 1515 dictum
1450 1451 1500 1513 eet

451 1552 538 1637 quod
575 1574 642 1617 nou
679 1553 850 1619 habebunt
887 1560 1015 1639 partem
1052 1553 1258 1619 haereditatis
1295 1552 1382 1617 inter
1415 1551 1500 1615 filios

451 1652 560 1731 Israel,
586 1676 645 1740 per
666 1657 754 1740 quod
779 1655 986 1722 abscinditur
1001 1679 1022 1721 a
1045 1657 1208 1721 ministris
1230 1656 1370 1723 ecclesiae
1395 1652 1499 1719 omnis

450 1756 552 1821 fomes
578 1757 769 1843 cupiditatis
796 1764 831 1823 et
855 1759 963 1846 turpis
994 1760 1085 1838 lucri,
1119 1760 1331 1825 exhortantes
1361 1756 1499 1822 firmiter

449 1859 655 1945 precipimus
680 1882 723 1927 ne
752 1861 938 1929 beneficiati
968 1867 1027 1927 aut
1057 1862 1155 1927 eserie
1185 1861 1355 1927 ordinibus
1393 1857 1499 1925 ornati

449 1961 687 2047 negotiationes
718 1969 901 2045 exerceant,
930 1986 1036 2050 neque
1074 1962 1221 2049 aliquid²
1258 1962 1499 2029 accommodent

449 2063 492 2129 sd
506 2086 661 2147 usurem3
684 2044 740 2131 iod
764 2068 850 2132 sicut
873 2068 1024 2153 praecipit
1038 2066 1188 2132 doctrina
1209 2066 1405 2153 evangelica,
1428 2086 1498 2129 mu-

451 2170 547 2231 tuum
572 2168 661 2247 dent,
678 2168 763 2233 nihil
776 2169 854 2235 inde
868 2174 1045 2256 sperantes.
1082 2168 1199 2255 Neque
1230 2168 1311 2233 dent
1336 2172 1395 2235 aut
1420 2167 1499 2233 reci·

450 2269 544 2355 piant
569 2270 717 2337 ecclesias
738 2277 799 2337 aut
820 2272 1039 2339 ecclesiastica
1053 2272 1097 2337 ad
1112 2272 1248 2350 firmam,
1273 2270 1339 2335 nisi
1362 2271 1398 2335 in
1421 2270 1498 2335 casi-

449 2371 511 2437 bus
525 2394 547 2437 a
562 2372 717 2439 Oonoiliis
739 2375 904 2440 concessis.
951 2374 1005 2439 Ad
1021 2374 1262 2461 amputandum
1278 2394 1408 2459 quoque
1429 2394 1498 2439 om·

449 2496 525 2539 nem
552 2476 744 2562 cupiditatis
767 2477 917 2563 speeiem,
934 2475 1123 2543 inhibemus
1137 2477 1276 2543 firmiter
1301 2497 1369 2542 non
1393 2476 1497 2541 solum

450 2578 616 2643 ordinaria
651 2579 710 2643 sed
742 2580 875 2666 speciali
896 2580 1094 2645 auctoritate
1122 2580 1310 2666 apostolica,
1332 2601 1374 2645 ne
1402 2578 1499 2643 bene-

449 2681 551 2746 ficiati
573 2680 627 2747 vel
648 2682 693 2746 ad
723 2703 829 2747 sacros
859 2682 990 2748 ordines
1027 2684 1168 2769 promoti
1201 2682 1269 2749 sint
1294 2680 1500 2748 vicecomites

450 2784 504 2849 vel
516 2783 691 2870 justitiarii
706 2785 874 2861 seculares,
891 2785 945 2851 vel
967 2784 1106 2851 ballivae
1129 2790 1275 2864 teneant,
1299 2784 1388 2849 unde
1409 2783 1500 2849 laicis

450 2888 670 2973 potestatibus
692 2887 883 2973 obligentur
909 2888 951 2953 sd
977 2887 1148 2953 ratiocinia
1163 2888 1203 2953 de
1218 2886 1356 2952 ballivae
1379 2887 1499 2953 eisdem

450 2988 623 3055 reddenda.
685 2988 879 3055 Inhibemus
917 3012 1046 3075 quoque
1083 2990 1266 3056 districtius
1303 3012 1345 3055 ne
1381 2990 1499 3076 aliquis

340 3132 344 3138 -
391 3152 395 3156 ,
449 3097 556 3156 rector
581 3092 722 3157 ecclesiae
747 3092 847 3157 iaciat
871 3093 1060 3178 hujusmodi
1080 3098 1212 3177 pactum
1228 3114 1302 3190 cum
1316 3114 1375 3157 suo
1395 3114 1498 3159 sacer·-

449 3194 535 3271 dote,
565 3193 728 3271 videlicet,
755 3195 845 3280 quod
866 3196 936 3283 ipse
967 3194 1114 3261 sacerdos
1143 3200 1263 3281 praeter
1292 3201 1411 3261 caetera
1440 3197 1498 3261 sti·

448 3296 570 3382 pendis
594 3298 717 3382 poterit
746 3297 889 3384 recipere
918 3296 1074 3363 annualia
1103 3302 1137 3361 et
1167 3298 1380 3377 tricennalia;
1418 3299 1496 3383 quia

450 3398 640 3483 hujusmodi
655 3400 766 3486 pactio
779 3400 993 3465 manifestum
1009 3405 1060 3465 est
1074 3399 1233 3464 indicium
1249 3400 1337 3484 quod
1352 3400 1499 3466 sacerdos

448 3522 486 3567 eo
515 3502 587 3588 ipso
609 3503 725 3588 recipit
754 3502 872 3567 exilius
899 3501 1120 3587 stipendium:
1144 3522 1272 3567 necesse
1296 3524 1423 3587 quoque
1447 3508 1497 3569 eet

449 3608 488 3668 ut
511 3610 571 3671 aut
595 3626 663 3669 non
687 3605 835 3690 perficiat
860 3610 1010 3690 suscepta
1034 3604 1191 3669 annualia
1214 3602 1267 3669 vel
1294 3605 1496 3683 tricennalia,

398 3741 402 3747 ·
448 3712 508 3773 aut
540 3707 576 3771 in
609 3706 763 3773 ecclesia³
804 3708 982 3793 parochiali
1011 3728 1078 3771 non
1106 3706 1170 3771 rite
1200 3706 1346 3792 perficiat
1383 3708 1497 3773 divina

449 3808 625 3894 obsequia3
648 3809 728 3896 ipsis
755 3815 869 3874 autem
894 3808 1117 3875 sacerdotibus
1132 3808 1295 3875 sufficiens
1311 3815 1345 3875 et
1359 3810 1497 3877 honesta

448 3910 617 3975 tribuatur
639 3913 837 3977 sustentatio
859 3912 903 3977 ab
922 3912 1127 3977 ecclesiarum
1142 3912 1330 3992 rectoribus,
1345 3936 1387 3979 ne
1402 3936 1496 4000 prop·

448 4018 500 4078 ter
519 4013 719 4079 diminutam
746 4015 1022 4081 sustentationem
1046 4020 1197 4100 oporteat
1212 4014 1360 4081 ecclesias
1375 4016 1497 4083 divinis

449 4115 613 4201 obsequiis
641 4138 759 4197 carere,
788 4123 848 4183 aut
876 4119 963 4203 ipsos
992 4117 1174 4183 sacerdotes
1210 4118 1309 4183 lucris
1346 4120 1498 4207 turpibus

448 4218 584 4297 inhiare,
607 4241 665 4284 seu
687 4220 813 4286 victum
835 4221 1028 4285 mendicare.

494 4321 688 4387 Inhibemus
727 4322 828 4387 ctiam
865 4322 1004 4388 firmiter
1044 4344 1086 4388 ne
1122 4323 1214 4389 laicis
1251 4324 1497 4410 quibuscunque

485 4673 493 4702 ¹
510 4672 551 4737 st]
569 4679 601 4732 et,
612 4671 704 4723 cuc.
1033 4678 1043 4706 ³
1060 4672 1172 4739 ccclesia]
1192 4692 1240 4726 om.
1253 4676 1304 4727 siu

484 4752 494 4781 ²
510 4750 616 4817 aliquid]
636 4766 686 4801 om.
698 4750 751 4803 sid.
