3500 5784
710 848 888 902 aeluros&

757 1134 845 1202 cvl.

286 1300 369 1371 Viro
412 1297 599 1367 armasio·
642 1294 807 1385 mcpietro
843 1295 1009 1379 Martiae,
1044 1291 1183 1365 domist
1219 1294 1325 1381 Popcc
1380 1294 1458 1344 ¹2⁴⁴?

372 1400 567 1469 camerato
589 1407 619 1467 et
640 1400 787 1483 Nocere,
811 1400 981 1481 Robcrtos,
1008 1400 1074 1465 Dei
1102 1398 1219 1485 pretio
1240 1398 1328 1463 Lia-

369 1500 552 1570 colcc’coec‘e
588 1503 785 1589 Episcopus,
824 1502 968 1571 racem
1011 1508 1041 1569 et
1078 1501 1249 1571 attacorum
1285 1499 1328 1567 io

370 1604 521 1673 Domino
544 1603 766 1673 dilectionem.

330 1776 459 1842 Literaa
495 1781 623 1842 vestras
662 1796 760 1862 super
803 1775 891 1841 facto
928 1778 1060 1843 vicariae
1098 1778 1139 1842 dc
1171 1774 1449 1840 PinccbecAdvises

283 1880 481 1966 recepimus;
524 1878 561 1943 in
592 1900 730 1964 quarum
763 1878 829 1943 fine
860 1878 1092 1945 continebatur
1114 1879 1202 1965 quod
1233 1851 1484 1968 superffifmtss

283 1982 346 2047 hoc
367 1980 462 2046 vobis
483 1984 605 2046 nostrae
629 1980 824 2046 intentionis
857 1982 1060 2067 propositum
1093 1987 1127 2047 et
1160 1980 1496 2063 commonuissem

284 2083 538 2149 rescriberemus
567 2082 816 2174 ¹Desiderantes
837 2083 950 2169 itaque
980 2103 1039 2169 pro
1065 2084 1197 2149 modulo
1218 2087 1330 2147 nostro
1341 2050 1485 2168 {fflffl

286 2184 413 2252 domini
436 2184 534 2271 Papae
556 2188 591 2249 et
605 2190 754 2249 vestrum
776 2184 934 2250 honorem
948 2184 1115 2250 illibatum
1130 2204 1329 2264 conservare,
1342 2198 1436 2249 envoys
1446 2183 1474 2233 in

286 2310 307 2353 a
327 2288 394 2352 flne
416 2287 609 2374 incipientes
640 2286 676 2350 id
698 2306 814 2373 pamm
844 2287 979 2365 consilii,
1003 2287 1092 2374 quod
1121 2288 1274 2353 novimus
1295 2249 1497 2367 inmgpspreh-

287 2391 348 2455 hao
377 2395 479 2476 purte,
503 2388 598 2454 vobis
629 2389 835 2455 rescribimus
842 2414 850 2470 ;
882 2390 988 2477 primo
1011 2394 1230 2477 supponentes
1256 2410 1330 2455 oum
1343 2333 1497 2443 i’lneheeek,

286 2490 503 2579 philosopho?
524 2490 695 2556 consilium
718 2512 787 2557 esse
813 2491 901 2577 quod
923 2492 1030 2578 posito
1053 2499 1087 2559 et
1108 2492 1244 2579 praeiixo
1265 2450 1499 2566 fineppaptppe

286 2594 411 2683 optimo
431 2594 523 2658 viam
544 2593 718 2659 adinvenit
740 2594 961 2672 rectissimam,
997 2616 1035 2659 aa
1065 2616 1123 2681 per
1155 2595 1216 2659 hoc
1249 2593 1332 2681 opti·
1343 2582 1412 2645 prior
1422 2582 1454 2632 ⁰f

287 2719 385 2775 mem,
424 2718 482 2782 per
518 2717 617 2782 quam
661 2696 705 2761 ad
748 2698 952 2783 propositum
988 2696 1088 2761 finem
1126 2698 1330 2785 pertingitur.
1344 2648 1470 2764 {npdldlidg

289 2800 417 2865 Scimus
438 2802 550 2863 autem
572 2798 697 2863 domini
720 2798 818 2887 Papae
840 2798 1058 2877 sanctitatem,
1073 2800 1159 2864 idem
1175 2800 1216 2865 de
1238 2799 1332 2865 vobis
1343 2782 1406 2897 ppei
1417 2781 1482 2831 nave

289 2900 466 2979 credentes,
488 2899 524 2963 in
556 2900 620 2964 sibi
643 2898 945 2985 desuper'credito¹
969 2900 1160 2979 ministerio,
1185 2862 1489 2989 011111111111,Λιίξωῃε

225 3022 229 3029 ·
288 3024 421 3068 suorum
443 3002 604 3067 factorum
636 3002 736 3066 finem
770 3002 935 3090 praeflgere
962 3002 1101 3068 salutem
1134 3004 1426 3083 animer-emathia
1439 3004 1490 3083 Ni,

289 3126 426 3191 cumque
447 3104 551 3191 ipsius
572 3104 730 3169 sanctitas
753 3104 881 3192 Spiritu
910 3103 1065 3171 clarescat
1095 3106 1273 3193 septiformi
1296 3071 1500 3199 ac‘fflh'w'

289 3230 348 3295 per
368 3208 429 3273 hoc
451 3206 570 3293 spiritu
591 3206 726 3283 consilii,
743 3206 785 3271 ad
806 3206 906 3271 finem
928 3208 1129 3294 propositum
1152 3208 1335 3296 pertingere

291 3310 454 3375 desiderat
476 3309 580 3374 ductu
605 3309 734 3373 itineris
763 3308 943 3374 rectissimi.
991 3310 1069 3375 Non
1094 3316 1335 3398 potestantem

291 3412 328 3476 in
366 3432 492 3476 summo
529 3411 666 3497 praelato
703 3431 809 3497 neque
846 3412 883 3475 in
920 3411 1023 3492 vobis,
1051 3414 1169 3479 summi
1207 3412 1336 3502 praelati

291 3515 421 3591 nuncio,
444 3514 510 3579 dici
532 3518 666 3590 rectum,
683 3513 748 3577 nisi
771 3512 860 3598 quod
883 3513 983 3579 fuerit
1005 3536 1072 3581 non
1087 3517 1191 3582 solum
1206 3540 1226 3581 a
1248 3518 1335 3582 malo

293 3616 350 3682 sed
364 3616 465 3681 etiam
486 3612 529 3680 ab
543 3612 641 3680 ornat
655 3614 760 3700 specie
774 3614 862 3680 moli
885 3622 1088 3703 segregatum
1096 3644 1104 3699 ;
1126 3640 1169 3684 ne
1190 3620 1335 3685 habeant
1351 3637 1360 3682 1
1375 3628 1462 3683 Thea.
1475 3648 1498 3681 v.

293 3718 432 3804 subjecti
467 3717 548 3804 quid
581 3738 657 3782 vere
690 3717 744 3781 vei
780 3724 974 3804 apparenter
1017 3721 1053 3784 in
1090 3723 1175 3787 tanti
1214 3722 1335 3809 speculi
1348 3704 1387 3749 ²²

292 3820 438 3909 puritate
468 3818 595 3907 possint
626 3822 741 3883 notare
770 3819 1032 3906 reprehensibile.
1080 3823 1211 3891 Nostrae
1233 3824 1337 3912 igitur

293 3921 467 4009 parvitatis
500 3920 671 3985 eonsilium
708 3925 759 3986 est
795 3922 831 3985 in
866 3922 928 3986 hec
964 3928 1064 4009 parte,
1097 3931 1138 3992 ut
1175 3926 1279 4013 primo
1317 3950 1338 3991 a

294 4024 427 4090 domino
461 4023 552 4108 Papa
582 4027 617 4087 et
648 4023 801 4109 deinceps
837 4044 858 4087 a
891 4024 986 4091 vobis
1017 4026 1211 4094 excludatur
1242 4052 1337 4097 omne

293 4125 555 4214 reprehensibile,
589 4125 678 4210 quod
711 4124 871 4189 factorum
905 4132 1089 4194 vestrorum
1120 4131 1225 4218 primo
1256 4132 1338 4219 pub·

294 4228 400 4294 iicetis
422 4226 660 4304 auctoritatem,
684 4226 800 4291 saitem
833 4226 885 4293 his
906 4250 987 4314 quos
1021 4230 1110 4296 facta
1131 4238 1241 4299 vestra
1262 4256 1338 4300 con·

294 4330 438 4417 tingunt,
472 4334 512 4393 ut
543 4351 610 4393 non
631 4328 811 4393 videamini
832 4332 1017 4417 transgredi
1040 4333 1124 4399 iilud
1145 4336 1338 4402 mandatum

256 4444 260 4452 ’
294 4432 384 4498 beati
399 4430 503 4497 Petri:
527 4429 609 4495 Noa
624 4426 842 4497 dominantes
862 4430 906 4496 c'a
928 4430 1021 4512 ciero,
1037 4435 1093 4500 aad
1107 4436 1227 4521 sorraco
1241 4437 1429 4523 scotoma
1441 4476 1465 4513 v,
1477 4466 1500 4511 a,

293 4532 388 4621 prepi
420 4555 459 4599 ec
491 4531 623 4614 oaorem
654 4539 894 4621 consequenter,
934 4540 973 4601 ut
1006 4536 1034 4600 si
1074 4538 1109 4601 in
1143 4542 1338 4607 auctoritate

659 4728 666 4759 ¹
683 4725 787 4792 credito]
806 4742 855 4779 cm.
868 4727 958 4780 c.c.0.
