<?xml version="1.0" encoding="UTF-8"?>
<!DOCTYPE html PUBLIC "-//W3C//DTD XHTML 1.0 Transitional//EN"
    "http://www.w3.org/TR/xhtml1/DTD/xhtml1-transitional.dtd">
<html xmlns="http://www.w3.org/1999/xhtml" xml:lang="en" lang="en">
 <head>
  <title>
</title>
<meta http-equiv="Content-Type" content="text/html;charset=utf-8" />
  <meta name='ocr-system' content='tesseract 3.04.00' />
  <meta name='ocr-capabilities' content='ocr_page ocr_carea ocr_par ocr_line ocrx_word'/>
</head>
<body>
  <div class='ocr_page' id='page_1' title='image "./robertigrossete00luargoog_0513.png"; bbox 0 0 3500 5784; ppageno 0'>
   <div class='ocr_carea' id='block_1_1' title="bbox 485 858 1212 927">
    <p class='ocr_par' dir='ltr' id='par_1_1' title="bbox 485 858 1212 927">
     <span class='ocr_line' id='line_1_1' title="bbox 485 858 1212 927; baseline -0.007 -3"><span class='ocrx_word' id='word_1_1' title='bbox 485 858 551 927; x_wconf 78' lang='lat'><strong>370</strong></span> <span class='ocrx_word' id='word_1_2' title='bbox 813 872 957 919; x_wconf 77' lang='lat' dir='ltr'><strong>noenum</strong></span> <span class='ocrx_word' id='word_1_3' title='bbox 982 872 1212 921; x_wconf 80' lang='lat' dir='ltr'><strong>crossmrsrs</strong></span> 
     </span>
    </p>
   </div>
   <div class='ocr_carea' id='block_1_2' title="bbox 488 1043 1548 1241">
    <p class='ocr_par' dir='ltr' id='par_1_2' title="bbox 488 1043 1548 1241">
     <span class='ocr_line' id='line_1_2' title="bbox 488 1043 1547 1139; baseline -0.008 -22"><span class='ocrx_word' id='word_1_4' title='bbox 488 1050 678 1139; x_wconf 86' lang='lat' dir='ltr'><strong>episcopalis</strong></span> <span class='ocrx_word' id='word_1_5' title='bbox 715 1070 812 1134; x_wconf 89' lang='lat' dir='ltr'><strong>quam</strong></span> <span class='ocrx_word' id='word_1_6' title='bbox 851 1049 1020 1136; x_wconf 81' lang='lat' dir='ltr'><strong>episcopus</strong></span> <span class='ocrx_word' id='word_1_7' title='bbox 1065 1048 1165 1113; x_wconf 86' lang='lat' dir='ltr'><strong>habet</strong></span> <span class='ocrx_word' id='word_1_8' title='bbox 1201 1068 1223 1111; x_wconf 82' lang='lat' dir='ltr'><strong>a</strong></span> <span class='ocrx_word' id='word_1_9' title='bbox 1254 1046 1329 1132; x_wconf 90' lang='lat' dir='ltr'><strong>jure</strong></span> <span class='ocrx_word' id='word_1_10' title='bbox 1367 1043 1547 1121; x_wconf 88' lang='lat' dir='ltr'><strong>communi,</strong></span> 
     </span>
     <span class='ocr_line' id='line_1_3' title="bbox 490 1146 1548 1241; baseline -0.009 -21"><span class='ocrx_word' id='word_1_11' title='bbox 490 1176 588 1241; x_wconf 86' lang='lat' dir='ltr'><strong>quam</strong></span> <span class='ocrx_word' id='word_1_12' title='bbox 610 1152 749 1217; x_wconf 86' lang='lat' dir='ltr'><strong>eandem</strong></span> <span class='ocrx_word' id='word_1_13' title='bbox 770 1150 872 1217; x_wconf 90' lang='lat' dir='ltr'><strong>habet</strong></span> <span class='ocrx_word' id='word_1_14' title='bbox 894 1174 915 1216; x_wconf 87' lang='lat' dir='ltr'><strong>a</strong></span> <span class='ocrx_word' id='word_1_15' title='bbox 938 1152 1070 1216; x_wconf 91' lang='lat' dir='ltr'><strong>domino</strong></span> <span class='ocrx_word' id='word_1_16' title='bbox 1094 1149 1184 1237; x_wconf 85' lang='lat' dir='ltr'><strong>Papa</strong></span> <span class='ocrx_word' id='word_1_17' title='bbox 1205 1154 1240 1215; x_wconf 88' lang='lat' dir='ltr'><strong>et</strong></span> <span class='ocrx_word' id='word_1_18' title='bbox 1262 1172 1283 1215; x_wconf 87' lang='lat' dir='ltr'><strong>a</strong></span> <span class='ocrx_word' id='word_1_19' title='bbox 1303 1148 1386 1214; x_wconf 83' lang='lat' dir='ltr'><strong>Jesu</strong></span> <span class='ocrx_word' id='word_1_20' title='bbox 1410 1146 1548 1213; x_wconf 83' lang='lat' dir='ltr'><strong>Christo</strong></span> 
     </span>
    </p>
   </div>
   <div class='ocr_carea' id='block_1_3' title="bbox 322 1250 1633 4414">
    <p class='ocr_par' dir='ltr' id='par_1_3' title="bbox 322 1250 1633 4414">
     <span class='ocr_line' id='line_1_4' title="bbox 488 1250 1548 1343; baseline -0.008 -22"><span class='ocrx_word' id='word_1_21' title='bbox 488 1278 547 1343; x_wconf 90' lang='lat' dir='ltr'><strong>per</strong></span> <span class='ocrx_word' id='word_1_22' title='bbox 568 1256 671 1342; x_wconf 90' lang='lat' dir='ltr'><strong>ipsius</strong></span> <span class='ocrx_word' id='word_1_23' title='bbox 692 1253 848 1334; x_wconf 89' lang='lat' dir='ltr'><strong>medium,</strong></span> <span class='ocrx_word' id='word_1_24' title='bbox 865 1254 931 1318; x_wconf 88' lang='lat' dir='ltr'><strong>nisi</strong></span> <span class='ocrx_word' id='word_1_25' title='bbox 954 1276 1013 1341; x_wconf 88' lang='lat' dir='ltr'><strong>per</strong></span> <span class='ocrx_word' id='word_1_26' title='bbox 1035 1253 1207 1318; x_wconf 91' lang='lat' dir='ltr'><strong>dominum</strong></span> <span class='ocrx_word' id='word_1_27' title='bbox 1231 1251 1361 1339; x_wconf 84' lang='lat' dir='ltr'><strong>Papam,</strong></span> <span class='ocrx_word' id='word_1_28' title='bbox 1378 1250 1470 1335; x_wconf 88' lang='lat' dir='ltr'><strong>cujus</strong></span> <span class='ocrx_word' id='word_1_29' title='bbox 1496 1256 1548 1313; x_wconf 87' lang='lat' dir='ltr'><strong>est</strong></span> 
     </span>
     <span class='ocr_line' id='line_1_5' title="bbox 487 1350 1549 1445; baseline -0.009 -20"><span class='ocrx_word' id='word_1_30' title='bbox 487 1359 661 1445; x_wconf 87' lang='lat' dir='ltr'><strong>potestatis</strong></span> <span class='ocrx_word' id='word_1_31' title='bbox 682 1355 853 1443; x_wconf 80' lang='lat' dir='ltr'>plenitudo</span> <span class='ocrx_word' id='word_1_32' title='bbox 875 1356 1013 1443; x_wconf 87' lang='lat' dir='ltr'><strong>alicujus</strong></span> <span class='ocrx_word' id='word_1_33' title='bbox 1036 1356 1123 1442; x_wconf 90' lang='lat' dir='ltr'><strong>quod</strong></span> <span class='ocrx_word' id='word_1_34' title='bbox 1145 1356 1202 1420; x_wconf 88' lang='lat' dir='ltr'><strong>dat</strong></span> <span class='ocrx_word' id='word_1_35' title='bbox 1220 1355 1276 1439; x_wconf 89' lang='lat' dir='ltr'><strong>jus</strong></span> <span class='ocrx_word' id='word_1_36' title='bbox 1297 1373 1478 1430; x_wconf 89' lang='lat' dir='ltr'><strong>commune,</strong></span> <span class='ocrx_word' id='word_1_37' title='bbox 1504 1350 1549 1415; x_wconf 85' lang='lat' dir='ltr'><strong>ab</strong></span> 
     </span>
     <span class='ocr_line' id='line_1_6' title="bbox 489 1458 1546 1548; baseline -0.008 -21"><span class='ocrx_word' id='word_1_38' title='bbox 489 1459 663 1548; x_wconf 84' lang='lat' dir='ltr'><strong>episcopali</strong></span> <span class='ocrx_word' id='word_1_39' title='bbox 684 1464 847 1546; x_wconf 70' lang='lat' dir='ltr'><strong>potestate</strong></span> <span class='ocrx_word' id='word_1_40' title='bbox 868 1460 957 1525; x_wconf 82' lang='lat' dir='ltr'><strong>facta</strong></span> <span class='ocrx_word' id='word_1_41' title='bbox 980 1458 1053 1545; x_wconf 88' lang='lat' dir='ltr'><strong>[sit]</strong></span> <span class='ocrx_word' id='word_1_42' title='bbox 1080 1458 1251 1545; x_wconf 86' lang='lat' dir='ltr'><strong>decerptio,</strong></span> <span class='ocrx_word' id='word_1_43' title='bbox 1274 1463 1407 1544; x_wconf 91' lang='lat' dir='ltr'><strong>propter</strong></span> <span class='ocrx_word' id='word_1_44' title='bbox 1428 1459 1546 1521; x_wconf 85' lang='lat' dir='ltr'><strong>notam</strong></span> 
     </span>
     <span class='ocr_line' id='line_1_7' title="bbox 490 1558 1545 1633; baseline -0.006 -4"><span class='ocrx_word' id='word_1_45' title='bbox 490 1566 521 1630; x_wconf 90' lang='lat' dir='ltr'><strong>ei</strong></span> <span class='ocrx_word' id='word_1_46' title='bbox 536 1569 570 1629; x_wconf 90' lang='lat' dir='ltr'><strong>et</strong></span> <span class='ocrx_word' id='word_1_47' title='bbox 591 1584 659 1629; x_wconf 92' lang='lat' dir='ltr'><strong>non</strong></span> <span class='ocrx_word' id='word_1_48' title='bbox 681 1562 921 1628; x_wconf 86' lang='lat' dir='ltr'><strong>discutiendam</strong></span> <span class='ocrx_word' id='word_1_49' title='bbox 937 1562 979 1626; x_wconf 89' lang='lat' dir='ltr'><strong>ab</strong></span> <span class='ocrx_word' id='word_1_50' title='bbox 1002 1562 1074 1626; x_wconf 85' lang='lat' dir='ltr'><strong>aliis</strong></span> <span class='ocrx_word' id='word_1_51' title='bbox 1091 1561 1269 1626; x_wconf 80' lang='lat' dir='ltr'><strong>utilitatem</strong></span> <span class='ocrx_word' id='word_1_52' title='bbox 1287 1558 1545 1633; x_wconf 81' lang='lat' dir='ltr'><strong>eeclesiasticam,</strong></span> 
     </span>
     <span class='ocr_line' id='line_1_8' title="bbox 490 1664 1548 1751; baseline -0.006 -20"><span class='ocrx_word' id='word_1_53' title='bbox 490 1666 679 1751; x_wconf 89' lang='lat' dir='ltr'><strong>hujusmodi</strong></span> <span class='ocrx_word' id='word_1_54' title='bbox 712 1666 930 1751; x_wconf 84' lang='lat' dir='ltr'><strong>decerptionis</strong></span> <span class='ocrx_word' id='word_1_55' title='bbox 963 1664 1083 1729; x_wconf 87' lang='lat' dir='ltr'><strong>bonam</strong></span> <span class='ocrx_word' id='word_1_56' title='bbox 1117 1664 1292 1729; x_wconf 78' lang='lat' dir='ltr'><strong>habentem</strong></span> <span class='ocrx_word' id='word_1_57' title='bbox 1323 1682 1548 1749; x_wconf 84' lang='lat' dir='ltr'><strong>recompensa-</strong></span> 
     </span>
     <span class='ocr_line' id='line_1_9' title="bbox 323 1766 1546 1852; baseline -0.01 -13"><span class='ocrx_word' id='word_1_58' title='bbox 323 1789 422 1840; x_wconf 77' lang='lat' dir='ltr'><strong>Thisis</strong></span> <span class='ocrx_word' id='word_1_59' title='bbox 491 1771 624 1835; x_wconf 89' lang='lat' dir='ltr'><strong>tionem.</strong></span> <span class='ocrx_word' id='word_1_60' title='bbox 671 1767 768 1848; x_wconf 80' lang='lat' dir='ltr'><strong>Quod</strong></span> <span class='ocrx_word' id='word_1_61' title='bbox 790 1769 890 1832; x_wconf 88' lang='lat' dir='ltr'><strong>etiam</strong></span> <span class='ocrx_word' id='word_1_62' title='bbox 911 1788 981 1833; x_wconf 87' lang='lat' dir='ltr'><strong>non</strong></span> <span class='ocrx_word' id='word_1_63' title='bbox 1003 1766 1121 1831; x_wconf 89' lang='lat' dir='ltr'><strong>debeat</strong></span> <span class='ocrx_word' id='word_1_64' title='bbox 1136 1767 1210 1852; x_wconf 89' lang='lat' dir='ltr'><strong>quis</strong></span> <span class='ocrx_word' id='word_1_65' title='bbox 1232 1770 1428 1852; x_wconf 89' lang='lat' dir='ltr'><strong>potestatem</strong></span> <span class='ocrx_word' id='word_1_66' title='bbox 1452 1784 1546 1827; x_wconf 81' lang='lat' dir='ltr'><strong>snam</strong></span> 
     </span>
     <span class='ocr_line' id='line_1_10' title="bbox 322 1858 1549 1973; baseline -0.006 -36"><span class='ocrx_word' id='word_1_67' title='bbox 322 1858 480 1973; x_wconf 46' lang='lat' dir='ltr'><strong>{mm</strong></span> <span class='ocrx_word' id='word_1_68' title='bbox 493 1874 539 1937; x_wconf 88' lang='lat' dir='ltr'><strong>sic</strong></span> <span class='ocrx_word' id='word_1_69' title='bbox 561 1872 617 1937; x_wconf 87' lang='lat' dir='ltr'><strong>alii</strong></span> <span class='ocrx_word' id='word_1_70' title='bbox 646 1871 782 1948; x_wconf 83' lang='lat' dir='ltr'><strong>tradere,</strong></span> <span class='ocrx_word' id='word_1_71' title='bbox 806 1870 895 1955; x_wconf 91' lang='lat' dir='ltr'><strong>quod</strong></span> <span class='ocrx_word' id='word_1_72' title='bbox 929 1892 1001 1935; x_wconf 88' lang='lat' dir='ltr'><strong>eam</strong></span> <span class='ocrx_word' id='word_1_73' title='bbox 1031 1869 1094 1934; x_wconf 90' lang='lat' dir='ltr'><strong>sibi</strong></span> <span class='ocrx_word' id='word_1_74' title='bbox 1127 1869 1311 1948; x_wconf 90' lang='lat' dir='ltr'><strong>imminuat,</strong></span> <span class='ocrx_word' id='word_1_75' title='bbox 1336 1874 1371 1934; x_wconf 91' lang='lat' dir='ltr'><strong>et</strong></span> <span class='ocrx_word' id='word_1_76' title='bbox 1402 1868 1549 1932; x_wconf 79' lang='lat' dir='ltr'><strong>maxime</strong></span> 
     </span>
     <span class='ocr_line' id='line_1_11' title="bbox 323 1970 1548 2061; baseline -0.007 -20"><span class='ocrx_word' id='word_1_77' title='bbox 323 1990 446 2049; x_wconf 74' lang='lat' dir='ltr'><strong>studeas,</strong></span> <span class='ocrx_word' id='word_1_78' title='bbox 493 1976 521 2040; x_wconf 88' lang='lat' dir='ltr'><strong>si</strong></span> <span class='ocrx_word' id='word_1_79' title='bbox 553 1980 604 2039; x_wconf 91' lang='lat' dir='ltr'><strong>est</strong></span> <span class='ocrx_word' id='word_1_80' title='bbox 633 1978 780 2061; x_wconf 86' lang='lat' dir='ltr'><strong>potestas</strong></span> <span class='ocrx_word' id='word_1_81' title='bbox 809 1973 887 2037; x_wconf 87' lang='lat' dir='ltr'><strong>talis</strong></span> <span class='ocrx_word' id='word_1_82' title='bbox 918 1994 992 2058; x_wconf 84' lang='lat' dir='ltr'><strong>quae</strong></span> <span class='ocrx_word' id='word_1_83' title='bbox 1024 1976 1133 2059; x_wconf 86' lang='lat' dir='ltr'><strong>potest</strong></span> <span class='ocrx_word' id='word_1_84' title='bbox 1163 1970 1219 2036; x_wconf 88' lang='lat' dir='ltr'><strong>alii</strong></span> <span class='ocrx_word' id='word_1_85' title='bbox 1250 1970 1337 2036; x_wconf 83' lang='lat' dir='ltr'><strong>tradi</strong></span> <span class='ocrx_word' id='word_1_86' title='bbox 1369 1974 1404 2035; x_wconf 88' lang='lat' dir='ltr'><strong>et</strong></span> <span class='ocrx_word' id='word_1_87' title='bbox 1433 1977 1548 2035; x_wconf 80' lang='lat' dir='ltr'><strong>tamen</strong></span> 
     </span>
     <span class='ocr_line' id='line_1_12' title="bbox 492 2072 1547 2164; baseline -0.008 -23"><span class='ocrx_word' id='word_1_88' title='bbox 492 2078 622 2164; x_wconf 81' lang='lat' dir='ltr'><strong>integre</strong></span> <span class='ocrx_word' id='word_1_89' title='bbox 654 2074 797 2151; x_wconf 87' lang='lat' dir='ltr'><strong>retineri,</strong></span> <span class='ocrx_word' id='word_1_90' title='bbox 821 2074 962 2141; x_wconf 89' lang='lat' dir='ltr'><strong>habetur</strong></span> <span class='ocrx_word' id='word_1_91' title='bbox 993 2096 1034 2139; x_wconf 79' lang='lat' dir='ltr'><strong>ex</strong></span> <span class='ocrx_word' id='word_1_92' title='bbox 1066 2074 1290 2140; x_wconf 75' lang='lat' dir='ltr'><strong>Ecclesiastico</strong></span> <span class='ocrx_word' id='word_1_93' title='bbox 1312 2073 1370 2140; x_wconf 90' lang='lat' dir='ltr'><strong>ubi</strong></span> <span class='ocrx_word' id='word_1_94' title='bbox 1401 2072 1547 2137; x_wconf 90' lang='lat' dir='ltr'><strong>dicitur:</strong></span> 
     </span>
     <span class='ocr_line' id='line_1_13' title="bbox 324 2173 1551 2263; baseline 0 -22"><span class='ocrx_word' id='word_1_95' title='bbox 324 2190 423 2241; x_wconf 78' lang='lat' dir='ltr'><strong>Ecclua</strong></span> <span class='ocrx_word' id='word_1_96' title='bbox 492 2178 624 2243; x_wconf 81' lang='lat' dir='ltr'><strong>Audite</strong></span> <span class='ocrx_word' id='word_1_97' title='bbox 649 2177 808 2263; x_wconf 70' lang='lat' dir='ltr'><strong>mapaota&#39;</strong></span> <span class='ocrx_word' id='word_1_98' title='bbox 829 2184 859 2242; x_wconf 84' lang='lat' dir='ltr'><strong>et</strong></span> <span class='ocrx_word' id='word_1_99' title='bbox 888 2198 1003 2243; x_wconf 80' lang='lat' dir='ltr'><strong>omum</strong></span> <span class='ocrx_word' id='word_1_100' title='bbox 1021 2177 1155 2263; x_wconf 80' lang='lat' dir='ltr'><strong>populi,</strong></span> <span class='ocrx_word' id='word_1_101' title='bbox 1179 2184 1209 2242; x_wconf 86' lang='lat' dir='ltr'><strong>et</strong></span> <span class='ocrx_word' id='word_1_102' title='bbox 1240 2184 1378 2242; x_wconf 74' lang='lat' dir='ltr'><strong>remores</strong></span> <span class='ocrx_word' id='word_1_103' title='bbox 1407 2173 1551 2241; x_wconf 79' lang='lat' dir='ltr'><strong>ecclosioe</strong></span> 
     </span>
     <span class='ocr_line' id='line_1_14' title="bbox 324 2256 1549 2373; baseline -0.003 -28"><span class='ocrx_word' id='word_1_104' title='bbox 324 2256 417 2373; x_wconf 50' lang='grc' dir='ltr'><strong>ἓξὲξ·</strong></span> <span class='ocrx_word' id='word_1_105' title='bbox 492 2280 638 2345; x_wconf 74' lang='lat' dir='ltr'><strong>auribus</strong></span> <span class='ocrx_word' id='word_1_106' title='bbox 663 2279 853 2365; x_wconf 77' lang='lat' dir='ltr'><strong>percipilc;</strong></span> <span class='ocrx_word' id='word_1_107' title='bbox 877 2278 959 2364; x_wconf 76' lang='lat' dir='ltr'><strong>suto</strong></span> <span class='ocrx_word' id='word_1_108' title='bbox 989 2287 1020 2345; x_wconf 81' lang='lat' dir='ltr'><strong>et</strong></span> <span class='ocrx_word' id='word_1_109' title='bbox 1049 2278 1199 2358; x_wconf 77' lang='lat' dir='ltr'><strong>mulieri,</strong></span> <span class='ocrx_word' id='word_1_110' title='bbox 1224 2278 1338 2365; x_wconf 69' lang='lat' dir='ltr'><strong>fratri</strong></span> <span class='ocrx_word' id='word_1_111' title='bbox 1368 2286 1397 2344; x_wconf 84' lang='lat' dir='ltr'><strong>et</strong></span> <span class='ocrx_word' id='word_1_112' title='bbox 1428 2276 1549 2355; x_wconf 83' lang='lat' dir='ltr'><strong>amico,</strong></span> 
     </span>
     <span class='ocr_line' id='line_1_15' title="bbox 493 2381 1548 2467; baseline -0.002 -20"><span class='ocrx_word' id='word_1_113' title='bbox 493 2404 567 2447; x_wconf 77' lang='lat' dir='ltr'><strong>uma</strong></span> <span class='ocrx_word' id='word_1_114' title='bbox 604 2382 661 2448; x_wconf 80' lang='lat' dir='ltr'><strong>dee</strong></span> <span class='ocrx_word' id='word_1_115' title='bbox 694 2389 890 2467; x_wconf 74' lang='lat' dir='ltr'><strong>potestatem</strong></span> <span class='ocrx_word' id='word_1_116' title='bbox 912 2402 1016 2466; x_wconf 74' lang='lat' dir='ltr'><strong>super</strong></span> <span class='ocrx_word' id='word_1_117' title='bbox 1053 2389 1082 2447; x_wconf 83' lang='lat' dir='ltr'><strong>te</strong></span> <span class='ocrx_word' id='word_1_118' title='bbox 1114 2382 1155 2446; x_wconf 81' lang='lat' dir='ltr'><strong>im</strong></span> <span class='ocrx_word' id='word_1_119' title='bbox 1186 2381 1259 2447; x_wconf 81' lang='lat' dir='ltr'><strong>ullu</strong></span> <span class='ocrx_word' id='word_1_120' title='bbox 1288 2388 1350 2447; x_wconf 83' lang='lat' dir='ltr'><strong>tuo</strong></span> <span class='ocrx_word' id='word_1_121' title='bbox 1361 2408 1375 2463; x_wconf 88' lang='lat'><em>;</em></span> <span class='ocrx_word' id='word_1_122' title='bbox 1412 2388 1442 2447; x_wconf 82' lang='lat' dir='ltr'><strong>et</strong></span> <span class='ocrx_word' id='word_1_123' title='bbox 1476 2402 1548 2445; x_wconf 78' lang='lat' dir='ltr'><strong>mon</strong></span> 
     </span>
     <span class='ocr_line' id='line_1_16' title="bbox 492 2483 1552 2571; baseline -0.002 -20"><span class='ocrx_word' id='word_1_124' title='bbox 492 2484 627 2551; x_wconf 73' lang='lat' dir='ltr'><strong>dederis</strong></span> <span class='ocrx_word' id='word_1_125' title='bbox 656 2484 726 2549; x_wconf 81' lang='lat' dir='ltr'><strong>olio</strong></span> <span class='ocrx_word' id='word_1_126' title='bbox 744 2483 985 2571; x_wconf 69' lang='lat' dir='ltr'><strong>pomereiomm</strong></span> <span class='ocrx_word' id='word_1_127' title='bbox 1007 2491 1104 2550; x_wconf 82' lang='lat' dir='ltr'><strong>tuum</strong></span> <span class='ocrx_word' id='word_1_128' title='bbox 1115 2510 1129 2564; x_wconf 89' lang='lat'><em>;</em></span> <span class='ocrx_word' id='word_1_129' title='bbox 1153 2508 1194 2549; x_wconf 81' lang='lat' dir='ltr'><strong>m</strong></span> <span class='ocrx_word' id='word_1_130' title='bbox 1211 2484 1299 2569; x_wconf 74' lang='lat' dir='ltr'><strong>sorte</strong></span> <span class='ocrx_word' id='word_1_131' title='bbox 1323 2484 1489 2569; x_wconf 72' lang='lat' dir='ltr'><strong>poeniteat</strong></span> <span class='ocrx_word' id='word_1_132' title='bbox 1511 2492 1552 2558; x_wconf 83' lang='lat' dir='ltr'><strong>te,</strong></span> 
     </span>
     <span class='ocr_line' id='line_1_17' title="bbox 493 2586 1551 2673; baseline -0.002 -20"><span class='ocrx_word' id='word_1_133' title='bbox 493 2595 524 2653; x_wconf 82' lang='lat' dir='ltr'><strong>ot</strong></span> <span class='ocrx_word' id='word_1_134' title='bbox 546 2587 734 2673; x_wconf 78' lang='lat' dir='ltr'><strong>depreceris</strong></span> <span class='ocrx_word' id='word_1_135' title='bbox 759 2609 826 2673; x_wconf 83' lang='lat' dir='ltr'><strong>pm</strong></span> <span class='ocrx_word' id='word_1_136' title='bbox 858 2587 926 2652; x_wconf 73' lang='lat' dir='ltr'><strong>illo.</strong></span> <span class='ocrx_word' id='word_1_137' title='bbox 983 2587 1078 2651; x_wconf 85' lang='lat' dir='ltr'><strong>Dum</strong></span> <span class='ocrx_word' id='word_1_138' title='bbox 1105 2586 1236 2651; x_wconf 63' lang='grc' dir='ltr'><strong>αοῑΙιτιο1</strong></span> <span class='ocrx_word' id='word_1_139' title='bbox 1277 2592 1457 2671; x_wconf 76' lang='lat' dir='ltr'><strong>superesset</strong></span> <span class='ocrx_word' id='word_1_140' title='bbox 1497 2606 1551 2651; x_wconf 82' lang='lat' dir='ltr'><strong>us·</strong></span> 
     </span>
     <span class='ocr_line' id='line_1_18' title="bbox 490 2688 1553 2774; baseline -0.003 -20"><span class='ocrx_word' id='word_1_141' title='bbox 490 2690 626 2774; x_wconf 78' lang='lat' dir='ltr'><strong>piram,</strong></span> <span class='ocrx_word' id='word_1_142' title='bbox 657 2710 730 2755; x_wconf 80' lang='lat' dir='ltr'><strong>uon</strong></span> <span class='ocrx_word' id='word_1_143' title='bbox 751 2689 951 2754; x_wconf 75' lang='lat' dir='ltr'><strong>immutabit</strong></span> <span class='ocrx_word' id='word_1_144' title='bbox 975 2695 1004 2754; x_wconf 84' lang='lat' dir='ltr'><strong>te</strong></span> <span class='ocrx_word' id='word_1_145' title='bbox 1037 2689 1151 2755; x_wconf 76' lang='lat' dir='ltr'><strong>omrac&#39;e</strong></span> <span class='ocrx_word' id='word_1_146' title='bbox 1173 2712 1257 2755; x_wconf 76' lang='lat' dir='ltr'><strong>cocu.</strong></span> <span class='ocrx_word' id='word_1_147' title='bbox 1301 2689 1430 2755; x_wconf 73' lang='lat' dir='ltr'><strong>Melius</strong></span> <span class='ocrx_word' id='word_1_148' title='bbox 1453 2688 1553 2753; x_wconf 80' lang='lat' dir='ltr'><strong>emim</strong></span> 
     </span>
     <span class='ocr_line' id='line_1_19' title="bbox 494 2789 1553 2877; baseline -0.001 -20"><span class='ocrx_word' id='word_1_149' title='bbox 494 2799 535 2857; x_wconf 83' lang='lat' dir='ltr'><strong>ut</strong></span> <span class='ocrx_word' id='word_1_150' title='bbox 549 2791 628 2876; x_wconf 79' lang='lat' dir='ltr'><strong>filit</strong></span> <span class='ocrx_word' id='word_1_151' title='bbox 658 2791 713 2857; x_wconf 80' lang='lat' dir='ltr'><strong>tui</strong></span> <span class='ocrx_word' id='word_1_152' title='bbox 744 2798 773 2856; x_wconf 86' lang='lat' dir='ltr'><strong>te</strong></span> <span class='ocrx_word' id='word_1_153' title='bbox 796 2799 920 2876; x_wconf 77' lang='lat' dir='ltr'><strong>copem,</strong></span> <span class='ocrx_word' id='word_1_154' title='bbox 959 2814 1064 2877; x_wconf 80' lang='lat' dir='ltr'><strong>quom</strong></span> <span class='ocrx_word' id='word_1_155' title='bbox 1101 2800 1129 2856; x_wconf 83' lang='lat' dir='ltr'><strong>te</strong></span> <span class='ocrx_word' id='word_1_156' title='bbox 1168 2789 1397 2877; x_wconf 66' lang='lat' dir='ltr'><strong>respicerem</strong></span> <span class='ocrx_word' id='word_1_157' title='bbox 1419 2812 1553 2856; x_wconf 77' lang='lat' dir='ltr'><strong>mamus</strong></span> 
     </span>
     <span class='ocr_line' id='line_1_20' title="bbox 486 2892 1554 2980; baseline 0 -21"><span class='ocrx_word' id='word_1_158' title='bbox 486 2893 650 2980; x_wconf 75' lang='lat' dir='ltr'><strong>flltocum</strong></span> <span class='ocrx_word' id='word_1_159' title='bbox 672 2901 818 2959; x_wconf 78' lang='lat' dir='ltr'><strong>tuorum.</strong></span> <span class='ocrx_word' id='word_1_160' title='bbox 863 2894 889 2958; x_wconf 93' lang='lat' dir='ltr'><em>I</em></span> <span class='ocrx_word' id='word_1_161' title='bbox 888 2917 914 2959; x_wconf 82' lang='lat' dir='ltr'><strong>u</strong></span> <span class='ocrx_word' id='word_1_162' title='bbox 929 2894 1087 2960; x_wconf 75' lang='lat' dir='ltr'><strong>occuitus</strong></span> <span class='ocrx_word' id='word_1_163' title='bbox 1101 2894 1257 2978; x_wconf 73' lang='lat' dir='ltr'><strong>operibus</strong></span> <span class='ocrx_word' id='word_1_164' title='bbox 1271 2892 1342 2959; x_wconf 79' lang='lat' dir='ltr'><strong>tuis</strong></span> <span class='ocrx_word' id='word_1_165' title='bbox 1353 2892 1554 2980; x_wconf 69' lang='lat' dir='ltr'><strong>muudum</strong></span> 
     </span>
     <span class='ocr_line' id='line_1_21' title="bbox 495 2995 1554 3081; baseline -0.002 -18"><span class='ocrx_word' id='word_1_166' title='bbox 495 3004 560 3063; x_wconf 78' lang='lat' dir='ltr'><strong>ecto</strong></span> <span class='ocrx_word' id='word_1_167' title='bbox 569 3022 583 3075; x_wconf 93' lang='lat'><strong>,·</strong></span> <span class='ocrx_word' id='word_1_168' title='bbox 606 3018 650 3061; x_wconf 77' lang='lat' dir='ltr'><strong>ue</strong></span> <span class='ocrx_word' id='word_1_169' title='bbox 665 2995 799 3061; x_wconf 80' lang='lat' dir='ltr'><strong>dederis</strong></span> <span class='ocrx_word' id='word_1_170' title='bbox 813 2996 987 3062; x_wconf 78' lang='lat' dir='ltr'><strong>maculam</strong></span> <span class='ocrx_word' id='word_1_171' title='bbox 1008 2996 1052 3062; x_wconf 74' lang='lat' dir='ltr'><strong>ta</strong></span> <span class='ocrx_word' id='word_1_172' title='bbox 1064 2996 1212 3081; x_wconf 72' lang='lat' dir='ltr'><strong>plocium</strong></span> <span class='ocrx_word' id='word_1_173' title='bbox 1227 3004 1330 3063; x_wconf 81' lang='lat' dir='ltr'><strong>tuom.</strong></span> <span class='ocrx_word' id='word_1_174' title='bbox 1378 2996 1554 3076; x_wconf 83' lang='lat' dir='ltr'><strong>Quomodo</strong></span> 
     </span>
     <span class='ocr_line' id='line_1_22' title="bbox 495 3099 1551 3186; baseline -0.001 -22"><span class='ocrx_word' id='word_1_175' title='bbox 495 3099 655 3164; x_wconf 86' lang='lat' dir='ltr'><strong>maculam</strong></span> <span class='ocrx_word' id='word_1_176' title='bbox 689 3099 726 3162; x_wconf 91' lang='lat' dir='ltr'><strong>in</strong></span> <span class='ocrx_word' id='word_1_177' title='bbox 756 3099 897 3185; x_wconf 84' lang='lat' dir='ltr'><strong>gloriam</strong></span> <span class='ocrx_word' id='word_1_178' title='bbox 932 3120 1024 3165; x_wconf 88' lang='lat' dir='ltr'><strong>suam</strong></span> <span class='ocrx_word' id='word_1_179' title='bbox 1055 3120 1123 3165; x_wconf 93' lang='lat' dir='ltr'><strong>non</strong></span> <span class='ocrx_word' id='word_1_180' title='bbox 1155 3101 1255 3177; x_wconf 72' lang='lat' dir='ltr'><strong>daret,</strong></span> <span class='ocrx_word' id='word_1_181' title='bbox 1290 3100 1318 3163; x_wconf 86' lang='lat' dir='ltr'><strong>si</strong></span> <span class='ocrx_word' id='word_1_182' title='bbox 1349 3104 1551 3186; x_wconf 87' lang='lat' dir='ltr'><strong>potestatem</strong></span> 
     </span>
     <span class='ocr_line' id='line_1_23' title="bbox 496 3202 1550 3288; baseline 0.003 -23"><span class='ocrx_word' id='word_1_183' title='bbox 496 3202 561 3267; x_wconf 84' lang='lat' dir='ltr'><strong>sibi</strong></span> <span class='ocrx_word' id='word_1_184' title='bbox 595 3203 734 3287; x_wconf 84' lang='lat' dir='ltr'><strong>desuper</strong></span> <span class='ocrx_word' id='word_1_185' title='bbox 763 3202 924 3267; x_wconf 88' lang='lat' dir='ltr'><strong>traditam</strong></span> <span class='ocrx_word' id='word_1_186' title='bbox 960 3202 1034 3288; x_wconf 89' lang='lat' dir='ltr'><strong>quis</strong></span> <span class='ocrx_word' id='word_1_187' title='bbox 1066 3203 1298 3269; x_wconf 83' lang='lat' dir='ltr'><strong>imminueretl</strong></span> <span class='ocrx_word' id='word_1_188' title='bbox 1344 3202 1426 3282; x_wconf 80' lang='lat' dir='ltr'><strong>Quis</strong></span> <span class='ocrx_word' id='word_1_189' title='bbox 1449 3202 1550 3268; x_wconf 83' lang='lat' dir='ltr'><strong>etiam</strong></span> 
     </span>
     <span class='ocr_line' id='line_1_24' title="bbox 497 3302 1552 3391; baseline 0.001 -23"><span class='ocrx_word' id='word_1_190' title='bbox 497 3305 533 3368; x_wconf 91' lang='lat' dir='ltr'><strong>in</strong></span> <span class='ocrx_word' id='word_1_191' title='bbox 570 3325 688 3369; x_wconf 89' lang='lat' dir='ltr'><strong>manus</strong></span> <span class='ocrx_word' id='word_1_192' title='bbox 725 3302 869 3368; x_wconf 89' lang='lat' dir='ltr'><strong>filiorum</strong></span> <span class='ocrx_word' id='word_1_193' title='bbox 892 3326 975 3370; x_wconf 84' lang='lat' dir='ltr'><strong>non</strong></span> <span class='ocrx_word' id='word_1_194' title='bbox 1012 3304 1186 3391; x_wconf 88' lang='lat' dir='ltr'><strong>respiceret</strong></span> <span class='ocrx_word' id='word_1_195' title='bbox 1223 3306 1399 3391; x_wconf 87' lang='lat' dir='ltr'><strong>episcopus,</strong></span> <span class='ocrx_word' id='word_1_196' title='bbox 1436 3307 1465 3369; x_wconf 89' lang='lat' dir='ltr'><strong>si</strong></span> <span class='ocrx_word' id='word_1_197' title='bbox 1502 3304 1552 3369; x_wconf 94' lang='lat' dir='ltr'><strong>nil</strong></span> 
     </span>
     <span class='ocr_line' id='line_1_25' title="bbox 497 3405 1552 3494; baseline 0 -23"><span class='ocrx_word' id='word_1_198' title='bbox 497 3410 608 3491; x_wconf 87' lang='lat' dir='ltr'><strong>posset</strong></span> <span class='ocrx_word' id='word_1_199' title='bbox 628 3405 695 3470; x_wconf 90' lang='lat' dir='ltr'><strong>nisi</strong></span> <span class='ocrx_word' id='word_1_200' title='bbox 716 3427 775 3492; x_wconf 89' lang='lat' dir='ltr'><strong>per</strong></span> <span class='ocrx_word' id='word_1_201' title='bbox 796 3406 934 3471; x_wconf 87' lang='lat' dir='ltr'><strong>aliorum</strong></span> <span class='ocrx_word' id='word_1_202' title='bbox 956 3407 1199 3473; x_wconf 67' lang='lat' dir='ltr'><strong>ministerium?</strong></span> <span class='ocrx_word' id='word_1_203' title='bbox 1242 3406 1404 3493; x_wconf 89' lang='lat' dir='ltr'><strong>Nunquid</strong></span> <span class='ocrx_word' id='word_1_204' title='bbox 1425 3407 1456 3471; x_wconf 84' lang='lat' dir='ltr'><strong>si</strong></span> <span class='ocrx_word' id='word_1_205' title='bbox 1477 3428 1552 3494; x_wconf 83' lang='lat' dir='ltr'><strong>pos·</strong></span> 
     </span>
     <span class='ocr_line' id='line_1_26' title="bbox 498 3506 1553 3587; baseline 0.001 -16"><span class='ocrx_word' id='word_1_206' title='bbox 498 3506 593 3572; x_wconf 87' lang='lat' dir='ltr'><strong>sibile</strong></span> <span class='ocrx_word' id='word_1_207' title='bbox 622 3512 708 3573; x_wconf 89' lang='lat' dir='ltr'><strong>esset</strong></span> <span class='ocrx_word' id='word_1_208' title='bbox 740 3507 866 3573; x_wconf 83' lang='lat' dir='ltr'><strong>radices</strong></span> <span class='ocrx_word' id='word_1_209' title='bbox 897 3507 1021 3573; x_wconf 86' lang='lat' dir='ltr'><strong>arboris</strong></span> <span class='ocrx_word' id='word_1_210' title='bbox 1053 3508 1210 3587; x_wconf 86' lang='lat' dir='ltr'><strong>frondere,</strong></span> <span class='ocrx_word' id='word_1_211' title='bbox 1234 3510 1355 3587; x_wconf 87' lang='lat' dir='ltr'><strong>florere,</strong></span> <span class='ocrx_word' id='word_1_212' title='bbox 1380 3514 1414 3575; x_wconf 89' lang='lat' dir='ltr'><strong>et</strong></span> <span class='ocrx_word' id='word_1_213' title='bbox 1436 3508 1553 3575; x_wconf 85' lang='lat' dir='ltr'><strong>fructi-</strong></span> 
     </span>
     <span class='ocr_line' id='line_1_27' title="bbox 497 3608 1553 3691; baseline 0.004 -18"><span class='ocrx_word' id='word_1_214' title='bbox 497 3608 602 3687; x_wconf 86' lang='lat' dir='ltr'><strong>ficare,</strong></span> <span class='ocrx_word' id='word_1_215' title='bbox 641 3611 687 3673; x_wconf 88' lang='lat' dir='ltr'><strong>sic</strong></span> <span class='ocrx_word' id='word_1_216' title='bbox 720 3609 786 3673; x_wconf 88' lang='lat' dir='ltr'><strong>ista</strong></span> <span class='ocrx_word' id='word_1_217' title='bbox 821 3610 992 3676; x_wconf 87' lang='lat' dir='ltr'><strong>traderent</strong></span> <span class='ocrx_word' id='word_1_218' title='bbox 1029 3611 1229 3691; x_wconf 87' lang='lat' dir='ltr'><strong>ramusculis,</strong></span> <span class='ocrx_word' id='word_1_219' title='bbox 1268 3610 1331 3677; x_wconf 73' lang='lat' dir='ltr'><strong>ut⁸</strong></span> <span class='ocrx_word' id='word_1_220' title='bbox 1367 3610 1553 3677; x_wconf 81' lang='lat' dir='ltr'><strong>adimerent</strong></span> 
     </span>
     <span class='ocr_line' id='line_1_28' title="bbox 497 3709 822 3797; baseline -0.003 -21"><span class='ocrx_word' id='word_1_221' title='bbox 497 3711 611 3776; x_wconf 83' lang='lat' dir='ltr'><strong>eadem</strong></span> <span class='ocrx_word' id='word_1_222' title='bbox 634 3709 699 3775; x_wconf 90' lang='lat' dir='ltr'><strong>sibi</strong></span> <span class='ocrx_word' id='word_1_223' title='bbox 720 3709 822 3797; x_wconf 81' lang='lat' dir='ltr'><strong>ipsisl</strong></span> 
     </span>
     <span class='ocr_line' id='line_1_29' title="bbox 331 3810 1554 3911; baseline 0.006 -37"><span class='ocrx_word' id='word_1_224' title='bbox 331 3822 456 3911; x_wconf 58' lang='lat' dir='ltr'><strong>auduom</strong></span> <span class='ocrx_word' id='word_1_225' title='bbox 544 3810 629 3877; x_wconf 85' lang='lat' dir='ltr'><strong>Haec</strong></span> <span class='ocrx_word' id='word_1_226' title='bbox 651 3812 811 3897; x_wconf 85' lang='lat' dir='ltr'><strong>praedicta</strong></span> <span class='ocrx_word' id='word_1_227' title='bbox 833 3813 1123 3881; x_wconf 85' lang='lat' dir='ltr'><strong>ecclesiasticarum</strong></span> <span class='ocrx_word' id='word_1_228' title='bbox 1155 3820 1357 3903; x_wconf 84' lang='lat' dir='ltr'><strong>potestatum</strong></span> <span class='ocrx_word' id='word_1_229' title='bbox 1388 3815 1554 3882; x_wconf 89' lang='lat' dir='ltr'><strong>ordinatio</strong></span> 
     </span>
     <span class='ocr_line' id='line_1_30' title="bbox 331 3889 1552 4008; baseline 0.006 -30"><span class='ocrx_word' id='word_1_230' title='bbox 331 3889 539 4008; x_wconf 48' lang='lat' dir='ltr'><strong>ffiffiffin</strong></span> <span class='ocrx_word' id='word_1_231' title='bbox 586 3914 749 4001; x_wconf 89' lang='lat' dir='ltr'><strong>scriptura</strong></span> <span class='ocrx_word' id='word_1_232' title='bbox 787 3914 897 3980; x_wconf 86' lang='lat' dir='ltr'><strong>Exodi</strong></span> <span class='ocrx_word' id='word_1_233' title='bbox 946 3918 1144 3997; x_wconf 87' lang='lat' dir='ltr'><strong>continetur,</strong></span> <span class='ocrx_word' id='word_1_234' title='bbox 1184 3920 1218 3983; x_wconf 90' lang='lat' dir='ltr'><strong>in</strong></span> <span class='ocrx_word' id='word_1_235' title='bbox 1263 3919 1343 3999; x_wconf 91' lang='lat' dir='ltr'><strong>loco,</strong></span> <span class='ocrx_word' id='word_1_236' title='bbox 1388 3918 1552 3997; x_wconf 85' lang='lat' dir='ltr'><strong>videlicet,</strong></span> 
     </span>
     <span class='ocr_line' id='line_1_31' title="bbox 332 4016 1556 4109; baseline 0.011 -35"><span class='ocrx_word' id='word_1_237' title='bbox 332 4024 476 4103; x_wconf 59' lang='lat' dir='ltr'><strong>thelmal-</strong></span> <span class='ocrx_word' id='word_1_238' title='bbox 501 4016 817 4083; x_wconf 87' lang='lat' dir='ltr'><strong>commemorationis</strong></span> <span class='ocrx_word' id='word_1_239' title='bbox 840 4017 951 4083; x_wconf 86' lang='lat' dir='ltr'><strong>exitus</strong></span> <span class='ocrx_word' id='word_1_240' title='bbox 967 4020 1069 4087; x_wconf 86' lang='lat' dir='ltr'><strong>Israel</strong></span> <span class='ocrx_word' id='word_1_241' title='bbox 1091 4020 1132 4085; x_wconf 88' lang='lat' dir='ltr'><strong>de</strong></span> <span class='ocrx_word' id='word_1_242' title='bbox 1153 4021 1293 4109; x_wconf 82' lang='lat' dir='ltr'><strong>Egypto,</strong></span> <span class='ocrx_word' id='word_1_243' title='bbox 1317 4020 1404 4085; x_wconf 90' lang='lat' dir='ltr'><strong>unde</strong></span> <span class='ocrx_word' id='word_1_244' title='bbox 1419 4021 1556 4087; x_wconf 89' lang='lat' dir='ltr'><strong>videtur</strong></span> 
     </span>
     <span class='ocr_line' id='line_1_32' title="bbox 332 4099 1633 4222; baseline 0.002 -37"><span class='ocrx_word' id='word_1_245' title='bbox 332 4099 481 4222; x_wconf 29' lang='lat' dir='ltr'><strong>{fam</strong></span> <span class='ocrx_word' id='word_1_246' title='bbox 502 4119 686 4208; x_wconf 81' lang='lat' dir='ltr'><strong>perspecti</strong></span> <span class='ocrx_word' id='word_1_247' title='bbox 710 4118 881 4204; x_wconf 88' lang='lat' dir='ltr'><strong>essequod</strong></span> <span class='ocrx_word' id='word_1_248' title='bbox 904 4122 1031 4207; x_wconf 85' lang='lat' dir='ltr'><strong>pepigit</strong></span> <span class='ocrx_word' id='word_1_249' title='bbox 1053 4124 1215 4188; x_wconf 84' lang='lat' dir='ltr'><strong>Dominus</strong></span> <span class='ocrx_word' id='word_1_250' title='bbox 1237 4144 1312 4188; x_wconf 90' lang='lat' dir='ltr'><strong>cum</strong></span> <span class='ocrx_word' id='word_1_251' title='bbox 1334 4123 1412 4187; x_wconf 89' lang='lat' dir='ltr'><strong>filiis</strong></span> <span class='ocrx_word' id='word_1_252' title='bbox 1428 4122 1555 4201; x_wconf 72' lang='lat' dir='ltr'><strong>Israel,</strong></span> <span class='ocrx_word' id='word_1_253' title='bbox 1621 4130 1633 4153; x_wconf 87' lang='lat'>&#39;</span> 
     </span>
     <span class='ocr_line' id='line_1_33' title="bbox 332 4211 1554 4317; baseline 0.001 -26"><span class='ocrx_word' id='word_1_254' title='bbox 332 4242 373 4291; x_wconf 80' lang='grc'><strong>44.</strong></span> <span class='ocrx_word' id='word_1_255' title='bbox 415 4306 422 4317; x_wconf 91' lang='lat'><strong>.</strong></span> <span class='ocrx_word' id='word_1_256' title='bbox 482 4211 591 4310; x_wconf 61' lang='lat' dir='ltr'><strong>‘quod</strong></span> <span class='ocrx_word' id='word_1_257' title='bbox 639 4228 771 4308; x_wconf 88' lang='lat' dir='ltr'><strong>pactum</strong></span> <span class='ocrx_word' id='word_1_258' title='bbox 820 4223 878 4308; x_wconf 93' lang='lat' dir='ltr'><strong>qui</strong></span> <span class='ocrx_word' id='word_1_259' title='bbox 924 4225 1173 4311; x_wconf 85' lang='lat' dir='ltr'><strong>transgreditur,</strong></span> <span class='ocrx_word' id='word_1_260' title='bbox 1219 4225 1283 4291; x_wconf 90' lang='lat' dir='ltr'><strong>Dei</strong></span> <span class='ocrx_word' id='word_1_261' title='bbox 1331 4226 1554 4293; x_wconf 89' lang='lat' dir='ltr'><strong>maledictioni</strong></span> 
     </span>
     <span class='ocr_line' id='line_1_34' title="bbox 333 4306 1555 4414; baseline 0.003 -22"><span class='ocrx_word' id='word_1_262' title='bbox 333 4306 489 4359; x_wconf 51' lang='grc' dir='ltr'><strong>ΜΗ·</strong></span> <span class='ocrx_word' id='word_1_263' title='bbox 502 4325 670 4392; x_wconf 86' lang='lat' dir='ltr'><strong>subicitur.</strong></span> <span class='ocrx_word' id='word_1_264' title='bbox 722 4322 869 4391; x_wconf 80' lang='lat' dir='ltr'><strong>Verbum</strong></span> <span class='ocrx_word' id='word_1_265' title='bbox 902 4327 998 4392; x_wconf 81' lang='lat' dir='ltr'><strong>cutm</strong></span> <span class='ocrx_word' id='word_1_266' title='bbox 1020 4326 1159 4414; x_wconf 84' lang='lat' dir='ltr'><strong>fuctum</strong></span> <span class='ocrx_word' id='word_1_267' title='bbox 1196 4336 1242 4394; x_wconf 85' lang='lat' dir='ltr'><strong>cst</strong></span> <span class='ocrx_word' id='word_1_268' title='bbox 1278 4328 1327 4395; x_wconf 84' lang='lat' dir='ltr'><strong>od</strong></span> <span class='ocrx_word' id='word_1_269' title='bbox 1361 4328 1555 4396; x_wconf 82' lang='lat' dir='ltr'><strong>Jcremiam</strong></span> 
     </span>
    </p>
   </div>
   <div class='ocr_carea' id='block_1_4' title="bbox 503 4426 1554 4520">
    <p class='ocr_par' dir='ltr' id='par_1_4' title="bbox 503 4426 1554 4520">
     <span class='ocr_line' id='line_1_35' title="bbox 503 4426 1554 4520; baseline 0.004 -26"><span class='ocrx_word' id='word_1_270' title='bbox 503 4451 526 4494; x_wconf 88' lang='lat' dir='ltr'><strong>u</strong></span> <span class='ocrx_word' id='word_1_271' title='bbox 540 4427 690 4494; x_wconf 73' lang='lat' dir='ltr'><strong>Domino</strong></span> <span class='ocrx_word' id='word_1_272' title='bbox 717 4426 858 4509; x_wconf 77' lang='lat' dir='ltr'><strong>diccraa;</strong></span> <span class='ocrx_word' id='word_1_273' title='bbox 882 4429 1000 4497; x_wconf 81' lang='lat' dir='ltr'><strong>audite</strong></span> <span class='ocrx_word' id='word_1_274' title='bbox 1027 4430 1125 4497; x_wconf 80' lang='lat' dir='ltr'><strong>verbo</strong></span> <span class='ocrx_word' id='word_1_275' title='bbox 1143 4430 1242 4519; x_wconf 76' lang='lat' dir='ltr'><strong>pacti</strong></span> <span class='ocrx_word' id='word_1_276' title='bbox 1264 4430 1368 4518; x_wconf 64' lang='lat' dir='ltr'><strong>acuo</strong></span> <span class='ocrx_word' id='word_1_277' title='bbox 1390 4438 1420 4497; x_wconf 82' lang='lat' dir='ltr'><strong>et</strong></span> <span class='ocrx_word' id='word_1_278' title='bbox 1441 4430 1554 4520; x_wconf 73' lang='lat' dir='ltr'><strong>loqui·</strong></span> 
     </span>
    </p>
   </div>
   <div class='ocr_carea' id='block_1_5' title="bbox 505 4628 1093 4643">
    <p class='ocr_par' dir='ltr' id='par_1_5' title="bbox 505 4628 1093 4643">
     <span class='ocr_line' id='line_1_36' title="bbox 505 4628 1093 4643; baseline 0 -8"><span class='ocrx_word' id='word_1_279' title='bbox 505 4628 609 4637; x_wconf 49' lang='grc'><strong>*-</strong></span> <span class='ocrx_word' id='word_1_280' title='bbox 625 4632 631 4637; x_wconf 86' lang='grc'>.</span> <span class='ocrx_word' id='word_1_281' title='bbox 1057 4634 1093 4643; x_wconf 56' lang='lat'><strong>‘-</strong></span> 
     </span>
    </p>
   </div>
   <div class='ocr_carea' id='block_1_6' title="bbox 549 4746 1305 4828">
    <p class='ocr_par' dir='ltr' id='par_1_6' title="bbox 549 4746 1305 4828">
     <span class='ocr_line' id='line_1_37' title="bbox 549 4746 1305 4828; baseline 0.001 -23"><span class='ocrx_word' id='word_1_282' title='bbox 549 4746 658 4805; x_wconf 62' lang='grc' dir='ltr'><strong>ἀίω]</strong></span> <span class='ocrx_word' id='word_1_283' title='bbox 676 4756 805 4807; x_wconf 80' lang='lat' dir='ltr'><strong>cmTrln.</strong></span> <span class='ocrx_word' id='word_1_284' title='bbox 1025 4758 1035 4823; x_wconf 73' lang='grc' dir='ltr'>ι</span> <span class='ocrx_word' id='word_1_285' title='bbox 1087 4760 1152 4828; x_wconf 73' lang='grc' dir='ltr'><strong>ιιιι]</strong></span> <span class='ocrx_word' id='word_1_286' title='bbox 1171 4777 1219 4813; x_wconf 75' lang='lat' dir='ltr'><strong>om.</strong></span> <span class='ocrx_word' id='word_1_287' title='bbox 1235 4762 1305 4814; x_wconf 61' lang='lat' dir='ltr'><strong>Tria,</strong></span> 
     </span>
    </p>
   </div>
   <div class='ocr_carea' id='block_1_7' title="bbox 0 0 1773 5784">
    <p class='ocr_par' dir='ltr' id='par_1_7' title="bbox 0 0 1773 5784">
     <span class='ocr_line' id='line_1_38' title="bbox 0 0 1773 5784; baseline 0 0"><span class='ocrx_word' id='word_1_288' title='bbox 0 0 1773 5784; x_wconf 95' lang='lat' dir='ltr'><strong> </strong></span> 
     </span>
    </p>
   </div>
  </div>
 </body>
</html>
