3500 5784
461 864 525 927 212
785 881 933 931 annueri
957 880 1186 932 seossurnsrn

461 1055 633 1141 quicquam
665 1077 760 1144 agere
791 1058 888 1137 licet;
909 1063 945 1122 et
965 1057 1054 1144 leges
1087 1057 1272 1143 principum
1304 1057 1450 1122 naturali
1471 1063 1508 1122 et

463 1159 576 1224 divino
599 1181 665 1224 uon
688 1160 890 1247 praevaleant
917 1159 995 1245 juri,
1017 1181 1125 1245 neque
1147 1160 1274 1245 possint
1296 1159 1509 1225 ecclesiastica

458 1260 535 1345 jura
572 1261 754 1344 dissolvere,
787 1263 977 1348 neminique
1007 1263 1105 1328 liceat
1135 1263 1177 1327 de
1207 1261 1294 1327 sedis
1323 1262 1508 1349 apostolica

457 1364 582 1449 judicio
599 1365 748 1452 judicare
782 1371 842 1432 aut
872 1365 943 1451 ejus
965 1365 1163 1432 sententiam
1194 1370 1379 1446 retractare,
1402 1385 1507 1450 neque

461 1467 591 1534 divinas
636 1468 894 1545 constitutiones,
932 1468 986 1532 vel
1028 1467 1211 1555 spostolicae
1256 1468 1342 1533 sedis
1378 1466 1508 1532 daneta

462 1575 644 1652 temerare3
675 1593 782 1657 neque
805 1569 1095 1636 constitutionibus
1120 1575 1156 1636 et
1188 1568 1289 1653 jussis
1302 1569 1505 1656 principum,

461 1695 535 1738 cum
574 1673 711 1738 obviant
747 1673 870 1738 divinis
903 1678 938 1738 et
972 1671 1133 1737 canonicis
1169 1671 1342 1750 institutis,
1369 1693 1391 1735 a
1426 1670 1508 1735 viris

461 1773 682 1840 ecclesiasticis
716 1775 860 1840 maxime
882 1774 928 1838 sit
950 1772 1262 1860 obtemperandum:
1293 1772 1506 1840 manifestum

461 1884 517 1958 est,
542 1878 630 1963 quod
664 1898 731 1944 non
765 1876 870 1942 solum
904 1876 1048 1956 abbates,
1070 1875 1128 1941 sed
1161 1877 1407 1961 etquicunque
1441 1875 1506 1940 viri

460 1980 672 2059 ecclesiastici,
699 1978 777 2044 licet
814 1977 1104 2044 constitutionibus
1135 1983 1196 2043 aut
1217 1977 1506 2043 consuetudinibus

459 2087 518 2146 aut
536 2082 636 2167 jussis
666 2081 851 2168 principum
883 2080 1013 2167 pudenti,
1046 2080 1219 2167 praedictas
1252 2087 1287 2146 et
1318 2080 1508 2145 innumeras

458 2183 641 2250 consimiles
663 2182 848 2270 apostolieae
871 2183 956 2248 sedis
971 2183 1224 2248 constitutiones
1246 2188 1282 2248 et
1304 2184 1436 2248 decreta
1449 2205 1508 2270 per

459 2285 598 2351 officium
631 2285 822 2372 justitiariae
864 2290 1071 2364 temerantes,
1104 2307 1163 2372 per
1195 2286 1426 2352 inobedientiae
1456 2307 1507 2351 re·

294 2389 387 2441 isam.
402 2405 445 2442 xv.
458 2389 675 2476 pugnantiam
694 2393 873 2472 peccatum
894 2386 1077 2454 ortoloodt
1098 2393 1129 2454 et
1150 2387 1252 2474 quusi
1274 2388 1379 2455 scelus
1399 2387 1506 2454 idole

292 2461 332 2506 ⁹³⁹
459 2489 572 2556 latita
594 2489 813 2555 committunt.

292 2597 429 2660 Thasia,
504 2592 531 2658 Ο
633 2591 736 2656 i‘tur
795 2591 829 2655 ui
867 2612 938 2656 oom
979 2590 1032 2656 llit
1075 2591 1118 2655 sd
1204 2591 1382 2656 ocatumi
1438 2615 1472 2656 m

289 2616 427 2795 {elffii}
458 2612 834 2786 peecdltncoriipelleniilo
858 2699 893 2758 et
924 2612 981 2778 qiil
1015 2714 1082 2758 non
1114 2613 1238 2758 resistit
1268 2597 1507 2781 peccatdoecuid

290 2797 562 2884 tMillthesspossit
583 2796 653 2882 ipse
676 2796 777 2861 etiam
811 2801 923 2882 peccat
956 2795 1167 2881 approbando
1198 2800 1233 2861 et
1264 2796 1505 2876 consentiendo,

289 2865 563 2996 ffi'effiliquet
585 2899 673 2985 quod
695 2899 847 2963 dominus
869 2919 930 2962 rex
951 2897 1171 2983 compellendo
1193 2899 1328 2964 abbates
1350 2898 1404 2964 vel
1425 2899 1507 2964 alios

290 2998 545 3076 wll,⁰1¹0110tviros
582 3000 812 3066 ecclesiasticos
843 3000 887 3064 ad
908 2998 1049 3064 officium
1076 2999 1276 3084 justiciariae‚
1313 3006 1347 3066 et
1376 3001 1507 3086 praelati

288 3066 432 3196 {ixit-23⁰
458 3125 525 3168 uon
547 3102 743 3168 occurrendo
773 3107 844 3166 tam
878 3101 1085 3166 subditorum
1115 3123 1213 3186 quam
1246 3103 1349 3188 ipsius
1382 3103 1508 3167 domini

287 3197 367 3262 ⁰¹¹⁸¹5·
457 3205 542 3292 regis
565 3211 704 3291 peccato,
756 3204 905 3290 graviter
936 3208 1078 3290 peccant.
1138 3203 1176 3268 Si
1213 3205 1301 3269 enim
1337 3204 1509 3270 Johnnnes

459 3305 613 3394 Baptista
650 3306 842 3392 alienigena
880 3305 949 3392 regi
979 3310 1147 3391 peccatum
1179 3327 1274 3371 suum
1305 3327 1372 3372 non
1405 3305 1508 3387 siluit,

457 3409 514 3474 sed
537 3409 566 3475 ei
590 3407 841 3474 contradicendo
875 3406 912 3473 in
945 3405 1028 3471 facie
1061 3407 1185 3472 restitit
1215 3408 1316 3472 etiam
1338 3409 1509 3494 usquead

457 3511 712 3588 decollationem,
737 3509 898 3595 quomodo
921 3509 1063 3595 episcopi
1086 3510 1267 3575 sacerdotes
1290 3510 1415 3576 Christi
1436 3511 1508 3597 regi

459 3612 646 3678 Christiano
669 3617 703 3677 et
726 3611 859 3677 domino
886 3633 953 3689 suo,
977 3610 1030 3675 cui
1061 3617 1302 3676 sacramentum
1334 3613 1507 3678 fidelitatis

457 3715 694 3800 praestiterunt,
717 3714 837 3779 animae
860 3735 930 3778 sure
960 3713 1140 3799 periculum
1172 3735 1239 3779 non
1269 3715 1509 3780 denudabunt?

458 3816 494 3882 si
517 3817 669 3881 videntes
691 3814 880 3902 temporalis
913 3815 1029 3879 salutis
1061 3837 1130 3881 suae
1161 3817 1379 3903 dispendium,
1399 3817 1507 3882 eidem

459 3919 630 4004 dispendio
652 3941 712 4006 pro
729 3919 857 3984 viribus
880 3940 946 3983 non
969 3924 1181 3999 occurrentes,
1196 3920 1314 3983 merito
1335 3925 1510 3986 censentur

456 4021 526 4104 ejus
556 4021 747 4106 proditores,
771 4019 933 4106 quomodo
966 4041 1033 4084 non
1065 4018 1205 4106 pejoris¹
1229 4020 1425 4106 proditionis
1460 4024 1507 4088 rei

456 4127 562 4204 erunt,
586 4124 614 4188 si
635 4129 770 4190 aeternae
792 4121 908 4188 salutis
942 4143 1010 4186 suae
1041 4122 1184 4207 periculo
1216 4123 1316 4188 etiam
1338 4126 1509 4210 usquead

455 4225 536 4290 vitae
567 4226 756 4312 temporalis
785 4225 951 4310 jacturam
984 4245 1051 4288 non
1082 4224 1265 4290 obvient²t
1314 4225 1385 4312 Ipsi
1419 4229 1508 4293 enim

456 4334 536 4393 sunt
558 4327 730 4414 praecipue,
755 4328 812 4411 qui
843 4349 885 4392 ex
914 4324 1113 4412 perfectione
1142 4327 1288 4392 caritatis
1309 4349 1378 4393 non
1402 4330 1508 4394 solum

456 4453 506 4496 res
537 4452 621 4511 sues,
645 4430 701 4495 sed
735 4430 836 4496 etiam
870 4429 1008 4508 animas,
1041 4449 1101 4494 uec
1132 4433 1264 4494 tuntum
1297 4451 1357 4517 pro
1389 4433 1510 4499 ovibus

490 4763 497 4793 ¹
512 4763 617 4830 pejora]
636 4763 739 4828 pejores,
750 4761 841 4815 0.0.C.
976 4761 983 4831 Ι
1039 4761 1170 4832 ’odam
1188 4765 1303 4826 obvierit,
1315 4766 1406 4822 cuc.
