3500 5784
714 875 890 924 anismam.
1284 862 1326 927 89

284 1054 318 1114 et
342 1049 465 1115 rationi
488 1048 546 1135 jus
576 1048 867 1136 canonicumque
902 1048 1106 1114 convincitur
1135 1048 1467 1136 praedictumhyeanon

280 1150 442 1235 judicium
479 1174 548 1219 esse
584 1153 758 1240 iniquum3
783 1152 979 1217 'Alexander
1014 1152 1102 1216 enim
1139 1152 1258 1217 tertius
1295 1150 1331 1215 in
1344 1124 1400 1183 Μ’

284 1255 440 1320 decretali
477 1256 619 1342 quadam
657 1254 797 1343 epistola
833 1260 931 1320 natos
969 1258 1047 1320 ante
1084 1252 1332 1321 matrimonium
1345 1268 1369 1302 v.
1382 1253 1457 1316 ul&

284 1378 344 1443 per
364 1356 490 1424 bonum
512 1358 741 1444 subsequentis
763 1356 967 1423 matrimonii
990 1357 1136 1423 decernit
1162 1379 1231 1423 esse
1253 1355 1333 1443 legi-

197 1514 202 1522 .
286 1458 392 1537 timos,
417 1460 510 1525 etin
532 1460 727 1527 haereditate
751 1463 890 1547 paterna
912 1458 1045 1545 dejure
1068 1480 1275 1537 successuros,
1300 1463 1334 1523 et

286 1565 403 1627 contra
430 1562 492 1627 hoc
513 1563 627 1629 venire
652 1567 886 1649 praesumentes
916 1562 1091 1628 severitate
1122 1561 1336 1627 ecclesiastica

288 1663 517 1751 percellendos
564 1665 649 1731 Cum
677 1666 790 1752 igitur,
821 1664 908 1730 siout
941 1663 1096 1729 scribitur
1125 1664 1162 1728 in
1192 1663 1333 1742 (lenone,
1349 1666 1463 1747 Denter·

288 1767 492 1852 “imperiali
516 1766 644 1854 judicio
669 1788 738 1833 non
766 1771 905 1855 possunt
930 1766 1009 1852 jura
1030 1766 1246 1832 ecclesiastica
1271 1766 1335 1831 dis-
1347 1734 1472 1852 ssssffl

290 1874 308 1904 ‘⁴
329 1867 422 1949 solvi,
445 1869 503 1934 sed
534 1870 621 1956 leges
652 1870 886 1957 imperatorum
919 1868 1116 1955 evangelicis
1141 1874 1176 1935 et
1204 1874 1374 1955 aposto-¹·
1388 1872 1445 1927 Μ-

290 1978 310 2007 “
331 1972 403 2035 licis
433 1976 535 2057 atque
566 1972 706 2039 decretis
729 1972 892 2037 canonicis
918 1972 986 2037 sint
1008 1970 1253 2058 postponendae,
1276 1992 1335 2037 nec

290 2080 310 2110 ‘⁸
332 2072 458 2160 possint
478 2074 525 2139 eis
544 2074 665 2139 inferre
682 2073 920 2161 praejudicium,
939 2072 1190 2139 constitutiones
1208 2096 1335 2161 quoque

291 2182 310 2211 “
331 2175 518 2264 principum
536 2180 654 2241 contra
667 2197 807 2242 canones
821 2179 856 2241 et
873 2176 1004 2242 decreta
1021 2176 1197 2263 praesulum
1217 2176 1336 2242 Roma-

292 2287 310 2313 “
332 2300 451 2343 norum
477 2278 607 2343 nullius'
626 2278 696 2344 sint
723 2277 912 2358 momenti‚”
934 2278 1145 2345 manifestum
1172 2283 1222 2345 est
1248 2280 1336 2365 quod

291 2379 442 2467 praedicti
482 2379 602 2466 judicii
642 2380 771 2467 judices
813 2402 835 2445 a
872 2385 1060 2447 sanctorum
1105 2402 1265 2446 canonum
1303 2386 1337 2447 et

291 2488 414 2548 sanctae
448 2481 606 2547 Romame
637 2480 779 2547 ecclesiia
813 2482 1002 2548 obedientia
1032 2504 1069 2547 sc
1101 2488 1274 2570 segregant
1304 2489 1338 2549 et

291 2583 501 2663 subtrahunt,
525 2589 560 2650 et
590 2606 658 2650 non
684 2585 790 2650 solum
823 2584 931 2671 iniqui
964 2584 1084 2671 judicii
1117 2585 1174 2650 sed
1204 2586 1338 2671 insuper

291 2686 522 2753 inobedientiae
554 2691 684 2753 reatum
720 2686 903 2767 incmrunt,
940 2693 975 2752 et
1011 2687 1154 2753 maxime
1198 2686 1227 2751 si
1272 2688 1338 2754 sint

291 2789 399 2856 clerici
421 2790 457 2853 in
479 2789 651 2855 ordinibus
666 2811 724 2855 seu
745 2788 902 2877 gradibus
918 2788 1141 2855 ecclesiasticae
1164 2790 1337 2877 dignitatis

292 2891 472 2958 constituti
519 2893 565 2957 Et
601 2899 640 2958 ut
684 2891 834 2978 praedicti
873 2890 1001 2977 judices
1045 2892 1258 2958 inveniantur
1301 2892 1334 2957 in

294 2995 449 3081 praedicto
473 2994 600 3080 judicio
632 2994 768 3081 perfecti
798 2999 1059 3081 transgressores,
1090 3016 1158 3059 non
1190 3000 1338 3061 remanet

295 3096 428 3182 aliquod
449 3118 553 3182 genus
569 3096 663 3183 juris,
688 3095 780 3183 cujus
808 3096 845 3159 in
873 3096 988 3163 eodem
1014 3096 1140 3183 judicio
1170 3119 1237 3163 non
1259 3103 1339 3163 sunt

294 3200 479 3277 violatores,
517 3220 600 3279 cum,
638 3200 725 3264 sieut
769 3198 979 3264 notissimum
1024 3205 1082 3278 est,
1116 3200 1194 3286 jura
1238 3200 1338 3266 etiam
1351 3218 1410 3269 civil
1422 3221 1478 3283 law,

294 3302 404 3367 civilia
425 3307 522 3367 natos
544 3306 623 3367 ante
644 3301 893 3366 matrimonium
915 3322 974 3387 per
996 3300 1195 3388 subsequens
1225 3304 1338 3369 matri-

293 3404 441 3469 monium
463 3402 626 3490 legitimos
648 3404 825 3469 decernant
846 3408 882 3467 et
907 3402 1076 3484 haeredes3
1098 3408 1141 3483 et,
1165 3410 1205 3470 ut
1235 3404 1337 3471 senio
1350 3414 1506 3495 nudauerant

294 3528 368 3570 rum
390 3506 549 3570 relatione
579 3504 688 3584 didici,
711 3504 911 3570 consuetudo
943 3505 1044 3570 etiam
1075 3504 1112 3570 in
1143 3506 1204 3573 hoc
1236 3528 1336 3594 regno
1349 3483 1457 3601 {affl

294 3608 480 3694 antiquitus
501 3608 640 3673 osana
661 3612 699 3688 a
717 3606 906 3695 approbas,
929 3606 1013 3673 aues
1034 3607 1199 3695 agrem
1220 3608 1338 3675 nasus
1446 3584 1452 3599 '

294 3716 331 3777 et
359 3710 524 3790 haeredes3
546 3710 634 3776 unde
664 3710 702 3774 in
732 3711 863 3797 signum
886 3709 1142 3796 legitimationis,
1166 3712 1238 3777 nati
1260 3718 1338 3779 ante

295 3813 542 3879 matrimonium
587 3817 825 3878 consueverunt
869 3812 949 3898 poni
993 3812 1054 3877 sub
1099 3814 1199 3900 pallio
1243 3837 1340 3902 super

295 3922 447 4003 parentes
469 3937 581 3982 comm
612 3920 750 3981 extento
780 3916 817 3978 in
848 3914 1053 3980 matrimonii
1075 3917 1338 3985 solennizatione.

296 4018 346 4084 Hi
367 4020 500 4105 insuper
516 4016 646 4104 judices
668 4018 710 4083 ad
732 4018 899 4083 cumulum
929 4018 1194 4105 transgressionis
1216 4042 1284 4087 suae
1306 4027 1340 4089 et

296 4119 532 4187 evidentiorem
555 4120 626 4205 ejus
648 4120 957 4199 manifestationem,
979 4120 1081 4187 etium
1112 4129 1283 4211 conceptos
1305 4130 1340 4191 et

295 4230 392 4289 natos
421 4222 459 4287 in
480 4244 558 4288 vero
590 4226 625 4287 et
656 4222 697 4287 de
719 4242 798 4288 vero
819 4222 1032 4288 matrimonio
1054 4224 1233 4292 voluerunt
1249 4227 1340 4313 judi-

296 4346 370 4391 care
401 4324 529 4412 spurios
560 4329 596 4389 et
627 4324 891 4404 exhaeredandos,
923 4324 1054 4410 quando
1087 4326 1264 4393 voluerunt
1297 4330 1339 4395 ab

296 4428 452 4515 episcopis
473 4426 597 4512 inquiri
612 4433 647 4493 et
668 4428 732 4492 sibi
754 4425 898 4507 rescribi,
918 4432 1032 4493 utrum
1047 4428 1084 4506 is,
1107 4433 1221 4493 contra
1243 4453 1340 4516 quem

296 4534 532 4617 proponeretur
563 4529 712 4616 exceptio
743 4528 999 4616 illegitimitatis,
1022 4536 1122 4596 natus
1154 4539 1239 4598 esset
1260 4541 1338 4601 ante

296 4631 543 4697 matrimonium
575 4630 755 4697 solenniter
786 4635 1001 4711 contractum,
1034 4654 1078 4699 an
1111 4638 1187 4720 poet
1224 4639 1338 4704 matri·

296 4734 444 4801 monium
479 4734 659 4803 solenniter
695 4738 907 4815 contractum,
946 4732 1054 4821 (cujus
1094 4736 1208 4803 formae
1244 4739 1338 4827 plura
