3500 5784
705 884 885 935 urrerem
1256 869 1320 933 143

263 1082 396 1147 poenam
416 1060 517 1148 primi
551 1060 678 1147 peceati
713 1058 841 1125 dictum
870 1060 936 1123 est:
968 1055 1019 1123 Ia
1048 1055 1172 1123 sudore
1205 1056 1322 1124 cultus
1334 1071 1486 1127 Gentius.

263 1162 320 1230 tua'
351 1162 490 1229 macaria
518 1184 617 1249 pauc
653 1168 733 1241 te0;
767 1182 837 1226 non
859 1159 955 1239 dixit,
990 1158 1034 1225 ιἰιι
1059 1158 1181 1225 sudore
1206 1160 1321 1227 cultus

264 1264 375 1331 cimai
388 1263 528 1331 vaccaria
539 1285 638 1351 pauc
652 1261 777 1328 αὶιιιιιι.
822 1261 890 1341 Qui
921 1283 997 1349 ergo
1028 1261 1136 1327 aliene
1158 1264 1321 1350 rapientes

265 1366 307 1433 de
337 1367 494 1455 lacrymis
528 1372 563 1432 et
597 1365 764 1432 laboribus
789 1363 905 1429 alienis
935 1364 1066 1445 vivunt,
1088 1365 1126 1430 in
1157 1366 1323 1432 communi

268 1464 468 1556 peonitentia
489 1468 630 1534 humani
652 1466 781 1555 generis
803 1487 871 1531 nou
893 1468 988 1547 sunt;
1011 1470 1046 1532 et
1067 1466 1141 1533 ideo
1156 1489 1224 1534 non
1245 1490 1324 1534 cum
1336 1490 1461 1543 Pslxxii.

265 1568 465 1637 homiuibus
482 1571 540 1636 sed
567 1592 643 1636 cum
667 1568 871 1635 daemonibus
887 1564 1165 1654 flagellabuntur.
1214 1568 1324 1655 Quam
1338 1563 1361 1609 ⁵·

267 1672 467 1739 horrendum
489 1673 535 1737 sit
556 1670 670 1759 itaque
693 1670 884 1737 innoeentes
913 1666 1030 1757 punire
1060 1676 1094 1737 et
1124 1670 1323 1759 depraedari3

269 1772 357 1862 quod
394 1774 518 1841 crimen
552 1774 654 1840 etiam
685 1772 909 1853 committunt,
944 1774 1002 1859 qui
1032 1776 1186 1840 nocentes
1224 1796 1323 1861 supra

269 1876 403 1943 modum
439 1876 593 1965 puniunt,
630 1871 875 1961 aliquantulum
908 1896 950 1941 ex
983 1872 1181 1963 prescriptis
1213 1881 1323 1964 potest

270 1980 405 2046 elucere.
461 1978 549 2059 Quia
584 1977 689 2065 igitur
724 1981 870 2043 vestrum
906 1973 1147 2063 ingenuitatem
1183 1977 1324 2044 brachiis

271 2082 421 2149 caritatis
452 2081 577 2147 arctius
609 2078 850 2165 amplexamur3
887 2080 916 2145 si
949 2079 985 2145 in
1018 2084 1090 2147 tem
1123 2079 1324 2146 horrendum

271 2184 396 2249 malum
414 2178 821 2261 incideretis’doleremus
843 2182 1128 2269 quamplurimum
1166 2182 1325 2249 videntes

271 2286 373 2374 igitur
389 2306 458 2364 vos,
473 2284 502 2351 si
516 2304 596 2350 veru
610 2289 690 2349 sunt
712 2306 786 2370 quae
807 2284 1004 2363 audivimus,
1022 2286 1116 2371 quasi
1138 2284 1322 2351 titubantes

272 2389 316 2456 ad
338 2386 525 2474 hujusmodi
549 2386 686 2473 lapsum,
708 2387 882 2473 pressantis
911 2388 1041 2475 paginae
1071 2388 1325 2477 commonitione

273 2490 427 2557 volumus
457 2489 625 2556 labentem
658 2510 680 2553 a
709 2488 804 2575 lapsu
834 2488 967 2576 eripere.
1014 2490 1215 2557 Audivimus
1236 2491 1327 2557 enim

274 2592 363 2679 quod
393 2592 424 2659 S.
447 2592 644 2679 burgensem
673 2595 822 2657 vestrum
856 2592 897 2657 de
924 2592 1119 2659 Ieireestrie
1152 2592 1326 2680 disponitis

272 2696 401 2781 punire,
431 2714 499 2760 uon
530 2692 664 2779 quidem
696 2692 874 2759 secundum
904 2693 1039 2761 modum
1072 2699 1108 2761 et
1140 2716 1326 2761 mensuram

275 2798 379 2884 cnlpae
416 2816 493 2876 suae,
530 2795 589 2861 sed
625 2816 724 2881 supra
759 2794 894 2861 modum
925 2797 1029 2884 culpae
1060 2818 1129 2863 sum
1141 2794 1162 2877 ¹,
1192 2797 1327 2863 modum

276 2900 469 2966 excedentes
504 2897 542 2963 in
577 2897 766 2984 punitione3
787 2898 883 2985 quod,
908 2896 1017 2965 Deum
1048 2899 1127 2979 oro',
1156 2899 1253 2987 longe
1283 2898 1328 2966 sit

259 3024 296 3067 a
331 3000 443 3081 vobis;
479 3021 521 3066 ne
552 3014 710 3065 exuentes
743 2999 917 3079 hominem,
949 3000 1134 3067 induamini
1162 3002 1327 3068 leoninam

274 3106 342 3171 imo
385 3103 581 3171 diabolicum
624 3102 799 3183 feritatem,
841 3102 1012 3169 hominum
1052 3104 1131 3171 facti
1176 3106 1328 3171 manibus

274 3208 490 3275 excoriatores
534 3205 801 3293 sanguinolentis,
851 3212 1061 3289 exossatores
1112 3213 1147 3274 et
1192 3208 1327 3275 tandem

275 3316 476 3388 comestores,
493 3308 636 3375 Herodis
657 3313 692 3373 et
713 3308 943 3375 crucifixorum
966 3308 1088 3376 Christi
1111 3310 1218 3377 edenti
1240 3312 1327 3391 socii,

274 3413 356 3478 furti
378 3418 413 3479 et
435 3411 688 3499 depraedationis
711 3411 856 3476 criminis
887 3413 943 3491 rei,
967 3434 1005 3479 uc
1028 3434 1086 3500 per
1106 3415 1168 3482 hoc
1196 3416 1329 3502 ignibus

275 3514 433 3601 gehennae
455 3512 586 3590 addicti,
610 3514 646 3577 in
673 3512 734 3579 hec
755 3514 828 3578 vita
849 3513 936 3579 forte
966 3520 1100 3602 propter
1121 3517 1183 3583 hoc
1205 3518 1329 3605 deprae-

278 3614 380 3681 dandi
401 3614 631 3680 fortitudinem
652 3614 812 3692 amissuri,
837 3614 1071 3701 direptionem³
1092 3619 1331 3705 expulsionem·

278 3738 340 3801 que
376 3716 513 3803 passuri,
548 3716 585 3779 in
622 3716 785 3781 communi
822 3715 993 3783 hominum
1025 3721 1225 3806 poenitentia
1262 3745 1330 3789 non

276 3818 406 3883 victuri.
452 3818 494 3882 In
524 3816 719 3903 pradictum
752 3818 866 3904 itaque
897 3819 1091 3907 burgensem
1122 3842 1190 3890 non
1212 3825 1330 3891 sseviat

277 3922 432 3987 atrocitas
439 3944 448 4001 ;
478 3940 546 3985 nou
585 3920 694 4007 rigida
729 3922 775 3986 sit
811 3923 985 4002 severitas3
1014 3927 1070 3991 sed
1107 3928 1329 4014 euparaoealtct
1341 3940 1366 3991 S.
1379 3940 1434 3992 ιω.
1446 3940 1472 3992 ii.

271 4019 449 4107 amidam
463 4028 584 4089 vestrae
599 4022 827 4089 misericordia
848 4026 954 4111 pietus
962 4050 970 4107 ;
994 4032 1033 4093 ut
1048 4028 1120 4094 sitis
1142 4033 1327 4119 exemplum
1342 4014 1380 4059 ¹³·

276 4125 457 4193 clementiae
472 4131 506 4191 et
520 4126 781 4191 mansuetudinis
795 4133 830 4192 et
851 4149 920 4194 non
942 4130 1097 4216 magister
1118 4134 1328 4201 crudelitatis.

279 4226 405 4295 Valete.

313 4608 638 4673 ..........
652 4614 704 4665 sid
804 4614 938 4750 'Derane
892 4618 1052 4671 trucidentem
1063 4618 1116 4671 Dei
1093 4626 1270 4689 enormis-icem.

311 4688 449 4752 ²...‚COO
467 4692 517 4742 Ox
549 4690 609 4743 read
645 4692 709 4758 quad
740 4712 782 4745 cro
864 4696 1039 4765 direptiones
1005 4698 1241 4767 easteepuonem
1254 4703 1305 4758 siu
