3500 5784
453 864 520 931 396
756 880 906 931 nussum
928 880 1157 931 onossmmrs

453 1056 562 1137 posset
590 1050 675 1117 illud
704 1052 741 1116 in
765 1072 885 1117 surum
910 1058 1109 1134 convertere,
1135 1058 1172 1119 et
1196 1054 1362 1140 impmum
1386 1074 1508 1117 surum

452 1152 662 1239 excoquendo
691 1154 852 1241 purificet,
883 1153 931 1220 sic
959 1154 997 1219 in
1025 1176 1144 1219 surum
1183 1176 1309 1241 purum
1339 1160 1507 1219 trumu-

453 1258 558 1319 tetam
589 1274 731 1319 messum
762 1254 797 1319 in
828 1256 917 1321 ursis
956 1256 1041 1342 regii
1075 1256 1233 1322 tubrioum
1268 1262 1506 1342 assumpturus

453 1354 509 1420 Sic
530 1376 643 1421 omnes
665 1356 807 1423 artifices
830 1358 1040 1423 muterierum
1054 1358 1092 1423 in
1105 1357 1226 1444 quibus
1238 1364 1274 1423 et
1297 1357 1340 1423 de
1359 1354 1502 1443 quibus¹

451 1458 616 1543 operaturi
638 1464 725 1539 sunt,
740 1464 776 1524 et
797 1459 939 1536 artificii,
953 1460 1043 1545 quod
1063 1460 1231 1547 operaturi
1251 1466 1339 1539 sunt,
1360 1457 1504 1545 proprie·

452 1565 539 1625 tutes
552 1580 655 1647 usque
669 1560 713 1625 sd
726 1561 975 1647 speuifflmimss
988 1567 1119 1647 oportet
1140 1562 1282 1627 dilucide
1303 1580 1503 1647 cognoscere,

451 1668 486 1727 et
500 1661 564 1727 de'
578 1660 717 1750 singulis
731 1662 933 1729 materiebus
953 1662 1137 1749 praepositis
1157 1662 1222 1728 sibi
1243 1661 1288 1727 ud
1300 1659 1503 1749 operandum

448 1764 555 1829 meis
585 1765 826 1830 exmussimm
856 1764 1157 1852 perscrutationem,
1186 1765 1288 1830 donec
1316 1766 1500 1829 intervene-

449 1867 519 1931 rint
541 1867 699 1932 scrutinio
713 1888 757 1931 sn
778 1866 955 1953 praepoeite
975 1888 1082 1932 messe
1095 1871 1174 1954 sptc
1187 1866 1281 1931 uitet
1294 1867 1501 1944 conveniens,

449 1988 493 2031 sn
515 1988 591 2045 non,
607 1967 777 2033 formando
799 1967 948 2047 artifieio,
970 1973 1006 2032 et
1026 1989 1071 2032 sn
1092 1968 1241 2033 materiei
1264 1967 1411 2033 nondum
1423 1988 1503 2031 oon·

450 2069 614 2135 venientis
636 2069 746 2136 vulcat
767 2070 802 2133 in
825 2068 1076 2135 convenientem
1096 2070 1169 2135 fieri
1190 2069 1364 2135 conversio

282 2166 438 2311 mim
496 2172 580 2239 Oun
605 2171 709 2259 igitur
734 2170 926 2259 opiscopus⁸
949 2173 1093 2239 maximo
1118 2174 1164 2237 sit
1186 2177 1292 2239 rector
1314 2172 1500 2237 animarum

281 2299 358 2350 sem
372 2300 439 2351 mlo
450 2274 598 2340 omnium
650 2296 719 2341 suae
759 2274 916 2353 dioeoesis,
967 2275 1176 2393 regimenque
1228 2275 1414 2341 animorum
1451 2276 1501 2342 sit

281 2364 471 2487 fflss‘ffi
491 2398 543 2442 urs
588 2376 737 2455 ortium?
782 2382 918 2464 arteque
952 2377 1121 2464 regiminis
1157 2376 1295 2443 debeat*
1336 2378 1500 2464 praecipue

281 2499 388 2561 dcem,
450 2480 618 2568 episcopus
647 2479 731 2567 Regi
760 2500 890 2546 summo
927 2478 1069 2545 Domino
1107 2485 1221 2545 nostro
1250 2480 1334 2546 Jcsu
1362 2480 1497 2547 Christo

281 2537 404 2683 ,1ιῖὼῄ
449 2582 490 2649 de
522 2581 693 2649 snimsbus
722 2584 822 2669 puris,
869 2582 1075 2670 episcopique
1108 2582 1247 2648 artificio
1282 2584 1431 2669 purgatis
1460 2589 1497 2650 ct

280 2646 419 2817 mire
447 2685 665 2775 purificandis,
658 2684 1013 2853 ,οῗιοιιιιιιωὲιιὶέτίωο
1035 2684 1244 2851 eprtunicsm
1267 2686 1495 2752 inconsutilem

332 2800 339 2815 ·
447 2794 567 2867 texere,
621 2790 688 2854 tem
724 2808 780 2853 um
1039 2792 1057 2852 t
1096 2808 1197 2853 onum
1219 2809 1261 2852 ue
1299 2792 1450 2853 construe

446 2892 512 2957 imo
539 2912 634 2957 omne
657 2809 746 2977 qlod
778 2808 999 2977 pertinum
1033 2890 1123 2955 tenti
1154 2810 1254 2976 &pm
1281 2810 1494 2957 hobitumree’t

446 2992 687 3059 habitationem
711 2997 746 3057 et
760 2991 981 3057 ministerium
996 3012 1064 3078 prae
1078 2992 1153 3056 eliis
1178 3013 1315 3079 purum
1329 2993 1492 3078 quomodo

446 3116 513 3161 non
543 3095 608 3159 erit
639 3094 742 3181 ipsius
767 3114 836 3179 prae
863 3092 946 3173 uliis,
976 3094 1194 3180 proprietates
1223 3099 1259 3159 et
1287 3093 1491 3161 differentius

445 3198 630 3263 enimenim
656 3216 821 3283 pmsrum,
863 3200 1085 3284 purgatum
1112 3195 1397 3282 purificandum,
1423 3220 1492 3264 cor·

444 3299 635 3386 rigibilium,
659 3304 693 3365 et
716 3298 818 3363 ctiam
847 3298 1129 3384 incorrigibilium,
1156 3299 1192 3363 in
1217 3299 1302 3365 hunc
1324 3299 1492 3366 velillum

444 3408 571 3489 portem
601 3399 733 3467 artificii
762 3400 866 3487 megin
895 3400 1046 3466 minusve
1075 3405 1236 3487 aptorum,
1274 3422 1331 3466 seu
1359 3404 1491 3488 penitus

445 3504 641 3590 ineptorum,
689 3524 889 3589 cognoscere,
923 3507 958 3568 ct
988 3502 1240 3589 diligentissimo
1278 3503 1491 3590 prudentissi-

445 3626 562 3691 moque
577 3605 736 3671 scrutinio
752 3604 792 3671 de
807 3604 960 3670 omnibus
978 3604 1133 3691 regimini
1147 3626 1206 3669 suo
1227 3606 1368 3671 subditis
1388 3628 1490 3692 qusn-

445 3713 518 3773 tum
552 3712 662 3793 potest
692 3707 900 3794 investigere,
916 3693 959 3773 'et
983 3707 1214 3793 investigando
1235 3708 1393 3789 invenire,
1415 3732 1488 3795 qum

445 3810 592 3897 quolibet
613 3809 869 3896 proprietatibus
891 3811 960 3875 sint
990 3809 1199 3891 informstse;
1231 3814 1271 3874 ut
1292 3808 1353 3876 hsc
1374 3812 1490 3879 habite

443 3912 629 3999 cognitione
659 3912 800 3997 qualiter
823 3911 863 3975 de
886 3911 939 3975 his
975 3916 1011 3976 et
1046 3911 1083 3974 in
1118 3911 1171 3975 his
1207 3912 1272 3977 sibi
1315 3914 1488 3981 conveniat

443 4014 579 4102 operari,
602 4017 637 4079 et
659 4034 714 4077 ess
736 4012 814 4077 locis
829 4012 982 4098 congruis
1003 4013 1037 4076 in
1053 4011 1194 4077 artificio
1208 4017 1305 4079 tento
1319 4016 1487 4101 coeptare‘

442 4114 545 4203 possit
567 4114 769 4181 discerneret
827 4112 911 4193 Qum
942 4112 1086 4200 cognitio
1117 4118 1151 4179 et
1176 4113 1339 4195 discmtio,
1370 4137 1408 4180 uc
1428 4138 1487 4204 per

442 4238 640 4303 consequens
661 4219 750 4282 rectu
772 4216 853 4281 ortis
868 4236 935 4282 suae
957 4214 1208 4293 administratio,
1230 4214 1346 4281 heberi
1366 4238 1486 4303 nequo·

475 4520 482 4551 ¹
496 4520 558 4571 etde
568 4518 668 4585 quitus]
682 4532 731 4569 om.
743 4513 844 4573 0.c.c.‚
856 4514 944 4574 ‘stim
1015 4514 1027 4543 ⁸
1042 4515 1180 4581 epiecopus]
1199 4530 1249 4566 om.
1262 4516 1350 4569 OOC.

441 4600 585 4651 insertedin
597 4600 647 4653 Ox.
658 4599 693 4662 by
705 4594 854 4660 Guscoigue.
1017 4593 1141 4657 ‘C.O.C.,
1153 4595 1378 4660 urininsertqm

458 4678 543 4825 ῃ]
562 4694 611 4729 οιιι.
623 4675 729 4730 (1.0.0.ι
748 4673 819 4725 Triu.
829 4672 904 4725 omits
914 4671 943 4723 de
1016 4675 1027 4705 ⁸
1041 4673 1172 4740 couptme]
1189 4682 1307 4739 coum,
1323 4676 1401 4727 ltin..

441 4776 479 4809 un
519 4776 549 4813 ΙΙ.
