3500 5784
475 849 517 914 36
803 865 951 915 nonnam
974 866 1204 917 ouossnrnsrn

474 1055 509 1116 et
539 1051 600 1116 sub
630 1051 833 1139 principibus
862 1054 1080 1141 captiventur,
1104 1058 1228 1119 terram
1257 1053 1418 1119 laboriose
1447 1075 1523 1141 ope-

474 1156 599 1235 rentur,
622 1154 658 1217 in
684 1155 869 1241 principum
896 1154 1091 1237 utilitatem,
1113 1163 1148 1221 et
1178 1176 1246 1221 sum
1275 1154 1415 1221 infelicis
1444 1156 1526 1222 vitae

475 1253 732 1339 qualemcunque
762 1256 1049 1322 sustentationem.⁴
1099 1256 1178 1321 Non
1215 1256 1328 1341 itaque
1364 1278 1386 1321 a
1415 1257 1526 1323 Chris·

474 1355 577 1421 tianis
599 1352 802 1443 principibus
824 1355 930 1423 foveri
960 1357 1084 1423 debent
1113 1357 1233 1436 Judaei
1257 1362 1298 1422 ut
1321 1356 1526 1425 Christianos

474 1458 582 1523 usmis
604 1458 801 1544 opprimant,
818 1464 853 1523 et
875 1460 917 1524 de
939 1460 1048 1524 usuris
1070 1458 1105 1523 in
1121 1458 1248 1525 deliciis
1263 1463 1298 1524 et
1312 1460 1381 1525 otio
1399 1460 1525 1540 vivant,

475 1558 533 1644 qui
560 1580 602 1625 ex
633 1558 768 1625 Domini
798 1560 965 1626 sententia
994 1580 1103 1646 poenae
1132 1560 1253 1626 laboris
1282 1561 1409 1627 addicti
1437 1568 1524 1629 sunt.

421 1706 426 1719 .
476 1660 658 1726 Christiani
692 1680 832 1746 namquo
867 1660 1024 1747 principis
1054 1661 1197 1727 officium
1223 1667 1275 1728 est
1297 1661 1522 1729 Christianos¹

475 1762 517 1828 ab
540 1761 724 1827 infidelium
747 1762 956 1849 oppressione
982 1759 1137 1849 potenter
1162 1762 1295 1849 eripere,
1318 1785 1385 1829 non
1407 1764 1523 1850 cupide

342 1898 355 1910 ·
474 1866 509 1929 et
531 1863 653 1951 imp102
676 1884 735 1949 per
757 1863 906 1929 infideles
932 1864 1135 1951 opprimere3
1166 1864 1303 1931 Domini
1324 1865 1522 1931 sententium

474 1966 515 2031 de
537 1966 665 2031 inflicta
686 1965 710 2031 J
712 1966 814 2031 udaeis
836 1987 936 2053 poena
965 1970 1074 2031 ratam
1103 1966 1231 2045 habere,
1255 1973 1291 2032 et
1319 1988 1386 2032 non
1417 1967 1522 2053 ipsam

474 2089 528 2133 eos
566 2065 743 2133 exaltando
777 2088 941 2134 enervam
1003 2066 1055 2132 De
1087 2068 1168 2154 ipsis
1205 2090 1346 2154 namque
1377 2069 1524 2134 adnectit

328 2192 446 2244 s.vm.
474 2168 645 2235 Psalmus:
680 2168 842 2256 Disporpc
872 2168 952 2235 illos
984 2169 1029 2235 io
1061 2168 1188 2235 uirtute
1218 2176 1290 2249 tua,
1313 2176 1344 2235 ct
1373 2168 1522 2256 deposic'

339 2292 346 2305 ·
474 2294 534 2352 cos,
570 2278 734 2357 protector
778 2292 883 2351 cneus,
921 2270 1077 2337 Domine.
1137 2271 1275 2357 Depone
1313 2271 1394 2337 dicit
1405 2270 1426 2351 ⁴,
1464 2292 1523 2357 per

473 2374 735 2439 humiliationem
769 2394 887 2462 poenae,
910 2394 979 2438 non
1002 2371 1114 2439 caelio
1148 2370 1219 2459 per'
1237 2372 1522 2459 congregationem

472 2498 588 2543 usurae.
644 2474 760 2541 Sciant
792 2476 906 2561 itaquo
939 2474 1102 2561 principes
1136 2473 1194 2558 qui
1227 2494 1286 2540 eos
1318 2474 1432 2540 fovent
1468 2474 1522 2540 vel

471 2580 518 2643 eis
551 2578 666 2643 favent
703 2576 739 2643 in
773 2577 883 2643 usuris
913 2598 935 2640 a
957 2574 1161 2655 Christianis,
1185 2597 1220 2641 se
1258 2596 1326 2641 esse
1355 2598 1427 2642 reos
1448 2598 1522 2663 peo-

470 2680 537 2746 cati
572 2702 693 2759 eorum,
728 2684 762 2745 et
799 2674 845 2744 sic
877 2677 1007 2743 futuros
1040 2676 1238 2763 participes³
1263 2698 1371 2764 poenae
1401 2700 1522 2743 eorum.

304 2794 375 2845 Rom.
387 2796 404 2846 i.
417 2802 457 2847 aa.
472 2780 558 2862 Quia
580 2782 665 2847 sicut
687 2780 769 2847 dicit
790 2779 909 2845 beatus
939 2778 1080 2844 Paulus:
1110 2777 1192 2844 Noa
1213 2776 1326 2845 solum
1349 2778 1523 2865 quitatio

470 2890 589 2967 opust,
622 2882 680 2949 scd
714 2882 777 2969 qui
808 2880 991 2967 apsntibus
1028 2878 1255 2961 marmot,
1284 2888 1390 2947 morte
1418 2880 1523 2968 dipac'

470 2990 560 3049 ssent.
607 2984 653 3048 Et
675 2980 779 3049 sicut⁶
799 2984 916 3049 dicunt
937 2982 1043 3048 sancti
1066 2982 1267 3068 expositores
1284 3004 1405 3061 omnes,
1424 3005 1520 3070 repu-

469 3090 585 3149 tantur
607 3085 856 3163 consentientes‚
880 3084 1034 3171 quicum
1057 3082 1184 3169 possint
1205 3082 1372 3169 impedire,
1396 3090 1431 3149 et
1452 3105 1520 3149 non

469 3186 663 3272 impediunt.
703 3184 872 3272 Principes
893 3206 1021 3272 quoque
1040 3184 1154 3270 quide
1174 3184 1291 3263 usmis,
1313 3207 1394 3270 quas
1409 3185 1521 3252 Judaei

469 3310 491 3352 a
513 3286 712 3353 Christianis
743 3291 963 3364 extorserunt,
986 3285 1112 3371 aliquid
1134 3284 1308 3371 accipiunt,
1334 3287 1375 3352 de
1404 3288 1521 3373 rapina

468 3390 600 3467 vivunt,
620 3392 655 3454 et
677 3390 871 3475 sanguinem
895 3409 1007 3454 eorum
1030 3407 1112 3473 quos
1134 3386 1223 3451 tueri
1238 3386 1425 3466 deberent⁷‚
1448 3389 1520 3453 sine

468 3489 693 3556 misericordia
723 3490 908 3568 comedunt,
940 3487 1068 3565 bibunt,
1101 3490 1136 3552 et
1164 3487 1319 3566 induunt,
1345 3490 1520 3573 aquibus,

469 3592 554 3658 sicut
576 3590 660 3657 dicit
681 3592 857 3677 propheta:
880 3588 1056 3655 Dominus
1078 3590 1328 3656 coenerosam
1349 3612 1428 3657 socos
1442 3613 1522 3657 cusa

469 3691 684 3759 ostendamini
705 3713 834 3759 manus
857 3712 939 3758 suus
961 3690 1009 3756 ad
1029 3688 1169 3770 illum⁸,
1193 3697 1223 3756 et
1246 3712 1326 3760 cum
1347 3692 1523 3779 praeopta·-

470 3794 622 3861 covcrint
644 3793 841 3873 orationem,
874 3814 947 3860 uon
968 3791 1127 3859 accuset
1161 3814 1239 3871 eos,·
1274 3792 1361 3880 quio
1392 3815 1522 3860 monus

469 3918 588 3963 cocum
619 3896 791 3982 supputata
821 3894 934 3981 picum
966 3900 1059 3974 suut,
1082 3900 1112 3959 ct
1145 3893 1522 3962 acrimoniarum

467 3998 620 4065 mictum
655 3996 838 4083 scopatae,
874 3996 939 4063 crit
976 3994 1021 4062 tc
1058 3994 1322 4063 suspicationem
1357 4003 1390 4063 et
1426 3997 1522 4063 abore

468 4100 571 4185 ipsis.
618 4098 743 4165 Caveat
774 4098 896 4185 itaque,
928 4096 1062 4163 domina
1095 4118 1169 4162 mea
1201 4097 1377 4177 carissima,
1402 4098 1520 4163 talium

502 4389 509 4419 ¹
530 4386 697 4453 Christianos]
717 4402 765 4437 om.
778 4384 830 4437 Sid.
1054 4383 1065 4411 ³
1076 4383 1175 4447 peccati
1185 4419 1192 4435 .
1204 4383 1369 4450 ,participeq
1382 4400 1432 4436 om.
1444 4385 1521 4451 Digb.

1021 4459 1112 4513 Quo,
1125 4460 1200 4512 omits
1209 4463 1253 4513 sic.

667 4594 673 4607 ⁸
1053 4542 1064 4569 ⁸
1079 4540 1156 4605 sicut]
1174 4555 1224 4590 om.
1236 4541 1290 4592 Sin

500 4598 511 4627 ⁸
527 4595 628 4662 denae]
648 4596 758 4658 &smne
770 4592 861 4645 ΟΜ·
1053 4617 1203 4685 vatam]
1222 4620 1322 4682 debent,
1333 4620 1411 4687 mgr.

499 4693 509 4722 ⁴
526 4690 598 4756 dicit]
618 4688 735 4750 Domino,
747 4688 823 4753 Digb.
1052 4698 1062 4725 ⁰
1077 4695 1113 4745 ad
1123 4694 1202 4765 illum]
1221 4713 1271 4749 om.
1283 4699 1335 4752 siu.

500 4495 510 4525 ²
527 4492 611 4558 impie]
630 4492 722 4556 inepte,
733 4489 812 4555 Digb.
