3500 5784
429 855 495 921 254
759 869 905 920 norrun
926 865 1156 920 oaossurmru

431 1042 637 1108 eeclesiarum
659 1041 790 1129 Angliee
822 1048 856 1110 et
888 1042 1015 1109 omnia¹
1037 1042 1101 1111 sibi
1130 1048 1245 1109 eontra
1269 1059 1323 1107 me
1356 1041 1477 1108 oonfoe·

430 1145 642 1225 deraverunt3
680 1147 844 1212 concitato
884 1147 1018 1233 insuper
1055 1152 1090 1212 et
1127 1149 1288 1212 commoto
1325 1144 1479 1210 rmiverso

428 1246 549 1334 populo
586 1251 701 1312 contra
745 1269 805 1327 me,
843 1253 1003 1336 tanquam
1047 1253 1162 1314 contra
1204 1247 1399 1333 injuriosum
1442 1249 1479 1312 et

262 1359 302 1410 He
314 1360 393 1411 found
429 1348 677 1416 malefactorem.
719 1351 790 1437 Ego
822 1357 934 1417 tamen
963 1351 1176 1416 nihilominus
1197 1351 1314 1416 aooessi
1335 1350 1378 1415 ad
1400 1350 1479 1414 Lin-

261 1435 626 1545 {ssn‘ssffincolniensem
648 1452 815 1518 ecclesiam
847 1452 901 1518 die
932 1453 1099 1540 praedicto,
1132 1454 1272 1540 praefixo
1294 1453 1477 1519 visitationi

261 1561 357 1640 theop-
430 1552 586 1622 faciende
630 1555 665 1620 in
711 1555 854 1643 capitulo
892 1555 1124 1636 lincolniensi,
1162 1556 1245 1622 hora
1281 1556 1395 1621 debita
1437 1559 1479 1619 ut

260 1630 384 1759 {ffid
430 1656 556 1722 dietum
600 1659 780 1745 capitulum
815 1657 985 1723 visitarem
992 1681 1002 1739 ;
1046 1659 1103 1724 sed
1138 1681 1245 1746 neque
1286 1658 1477 1725 canonicum

259 1775 311 1810 vas
322 1777 389 1811 sum-
428 1757 571 1844 aliquem
594 1781 700 1846 neque
723 1759 893 1840 vicarium,
915 1783 1023 1846 neque
1044 1761 1187 1847 aliquem
1209 1761 1355 1848 ejusdem
1380 1761 1479 1826 ecele-

259 1831 388 1946 ”figffigff
429 1858 486 1926 siae
501 1862 690 1928 ministrum
712 1862 834 1928 ibidem
857 1862 978 1941 inveni,
995 1864 1147 1928 omnibus
1168 1869 1284 1930 eontra
1298 1863 1478 1929 adventum

428 1983 538 2028 meum
575 1961 617 2029 de
655 1963 820 2031 industria
858 1985 892 2030 se
930 1957 1206 2032 subtrahentibus.
1262 1965 1327 2030 His
1363 1964 1478 2052 itaque

427 2067 529 2152 gestis
573 2067 793 2133 incontinenti
838 2067 962 2154 arripui
1006 2066 1069 2134 iter
1105 2089 1219 2134 versus
1263 2067 1476 2148 Londonia-m,

259 2171 400 2250 2Ednund
428 2173 563 2234 vocatus
578 2192 599 2235 a
619 2171 752 2236 domino
769 2169 1024 2237 cantuariensis
1045 2177 1180 2257 propter
1202 2171 1353 2256 quaedam
1374 2171 1479 2236 ardua

260 2239 398 2356 {mni
427 2272 562 2358 negotia
604 2272 745 2338 ecclesiae
782 2293 858 2353 suae,
898 2277 938 2338 ut
975 2271 1098 2338 ibidem
1135 2271 1171 2338 in
1209 2273 1351 2339 crastino
1392 2292 1478 2339 oom-

288 2385 389 2440 11011.
427 2373 672 2440 memorationis
696 2373 897 2440 Animarum
919 2376 951 2441 ei
973 2395 1192 2442 occurrerem:
1226 2375 1343 2442 audito
1364 2381 1478 2441 autem

427 2494 448 2542 a
492 2475 615 2543 decano
660 2477 890 2560 Lineolniensi,
937 2481 972 2544 et
1017 2477 1070 2543 his
1108 2479 1166 2565 qui
1211 2500 1285 2545 eum
1329 2498 1368 2544 eo
1413 2479 1479 2545 iter

427 2579 633 2666 arripuerant
670 2600 783 2646 versus
820 2579 953 2660 orniam,
989 2581 1077 2668 quod
1108 2581 1196 2646 dicto
1230 2581 1285 2647 die
1317 2585 1479 2647 venturus

428 2703 517 2748 eram
542 2681 754 2763 Londoniam,
787 2681 911 2749 ibidem
945 2703 998 2749 me
1019 2704 1123 2770 usque
1156 2683 1200 2749 ad
1231 2683 1358 2749 dictum
1389 2683 1478 2751 diem

429 2791 695 2874 expectavenmt,
716 2791 756 2852 ut
779 2803 914 2866 mecum,
932 2784 1018 2852 sicut
1040 2786 1205 2865 dixerunt,
1231 2783 1272 2852 de
1293 2806 1371 2874 paee
1393 2791 1479 2853 trac-

428 2891 547 2968 tarent,
576 2888 848 2955 convenientibus
871 2887 991 2955 etiam⁸
1016 2894 1151 2976 propter
1172 2887 1232 2955 hoo
1253 2894 1332 2956 tunc
1354 2887 1478 2956 ibidem

427 2989 597 3057 incorum
631 2997 798 3058 occursum
832 2989 982 3080 plurimis
1004 2991 1145 3058 eoelesiae
1169 2989 1349 3059 Lincoiniae
1382 3015 1480 3060 eano-

262 3101 399 3154 ssevmin
429 3093 518 3159 niois,
555 3093 645 3159 Dum
667 3098 776 3160 autem
800 3095 958 3181 praedicta
978 3099 1180 3182 gererentur,
1203 3099 1238 3160 et
1268 3093 1369 3161 etiam
1399 3099 1480 3162 ante

261 3170 416 3300 ffiffiw
429 3197 521 3281 quasi
543 3196 656 3282 procul
678 3195 817 3262 odorans
839 3197 1030 3282 hujusmodi
1052 3193 1184 3277 bellum,
1207 3201 1337 3264 attente
1359 3197 1481 3284 saepius

261 3318 356 3356 course.
429 3317 555 3363 mecum
578 3297 781 3365 consideravi
804 3299 943 3385 quodsi
968 3299 1094 3385 aliquos
1117 3299 1158 3364 de
1180 3299 1324 3387 capitulo
1345 3321 1482 3388 suspen-

429 3401 539 3468 derem
562 3407 595 3467 et
617 3407 730 3489 postea
752 3401 1066 3468 excommunicarem
1087 3405 1221 3490 propter
1242 3407 1479 3490 contemptum,

430 3503 699 3586 inobedientiam,
723 3510 758 3572 et
791 3503 1049 3585 irreverentiam,
1072 3523 1140 3570 non
1170 3505 1276 3571 solum
1304 3503 1396 3585 mihi,
1421 3505 1479 3573 sed

429 3613 464 3673 et
486 3607 591 3675 multo
613 3607 754 3695 amplius
776 3606 912 3673 domino
933 3605 1033 3695 Papae
1062 3607 1175 3690 factas,
1196 3609 1233 3674 in
1262 3627 1330 3675 non
1359 3607 1481 3676 admit-

428 3710 528 3777 tendo
559 3733 620 3790 me,
656 3711 740 3777 sicut
773 3710 969 3798 praedictum
998 3714 1058 3789 est,
1093 3709 1137 3776 ad
1165 3708 1371 3777 visitandum
1393 3711 1481 3801 capi-

429 3813 546 3894 tulum,
577 3813 656 3880 lieet
692 3817 825 3902 propter
861 3813 932 3880 haeo
963 3809 1148 3900 dignissimi
1179 3820 1287 3880 essent
1324 3816 1480 3882 canoniea

429 3917 711 3984 animadversione
748 3912 867 4004 puniri,
906 3914 976 3982 haec
1013 3918 1048 3981 et
1083 3912 1272 4003 hujusmodi
1305 3939 1480 4006 conseque·

428 4024 550 4084 rentur.

261 4135 372 4186 &aaa
473 4121 584 4188 Pn'mo
607 4121 769 4202 videlicet,
795 4122 883 4209 quod
906 4115 985 4206 quia
1014 4135 1082 4186 non
1111 4123 1282 4189 consuevit
1304 4125 1480 4212 quicquam

263 4203 396 4319 ζξξξῑᾞὲίῃ
429 4221 615 4309 hujusmodi
630 4225 672 4290 ab
685 4224 794 4312 aliquo
806 4223 956 4310 episcopo
967 4221 1099 4311 Angliae
1110 4226 1313 4312 attemptari,
1322 4249 1481 4314 magnum

262 4285 417 4386 andpeexcomi
428 4325 523 4392 fieret
538 4349 695 4408 mmmm,
711 4347 915 4414 magnusque
929 4327 1094 4392 tumultus
1116 4346 1176 4415 per
1193 4333 1299 4394 totam
1313 4328 1481 4417 Angliam‚

261 4403 419 4523 ffiffifinss
429 4429 626 4516 plurimique
657 4429 836 4516 plurimum
869 4427 1176 4509 scandalizarentur,
1211 4430 1299 4517 quod
1335 4433 1372 4498 in
1409 4433 1484 4523 ipsa

262 4550 332 4588 0110&

440 4749 441 4754 ‘
485 4749 778 4820 cetmonaeos.
947 4751 954 4822 ι
999 4713 1113 4825 cesam]
1127 4752 1280 4814 mooe.
