3500 5784
509 821 574 882 280
836 835 986 886 acanum
1008 835 1239 887 unossnrrsrn

507 1011 627 1078 dentur
649 1033 763 1078 omncs
785 1011 842 1098 qui
857 1011 1040 1098 loquuntur
1054 1011 1279 1093 mendacium
1301 1012 1561 1091 necimmerito,

507 1135 581 1179 cum
603 1115 746 1179 mendax
767 1114 812 1179 sit
833 1115 1017 1202 abnegator
1033 1115 1193 1194 veritatis,
1216 1121 1252 1181 et
1279 1138 1339 1203 per
1360 1137 1563 1201 consequens

339 1213 439 1332 {5206}
509 1217 699 1294 salvatoris,
723 1218 780 1304 qui
812 1218 853 1283 de
887 1240 922 1284 se
953 1218 1044 1299 dicit,
1073 1219 1145 1304 Epo
1166 1240 1246 1285 aum
1274 1219 1342 1297 um,
1364 1217 1504 1296 vomica,
1530 1225 1560 1284 ct

340 1359 380 1410 14,
390 1358 444 1410 viii.
457 1363 497 1408 ⁴4.
509 1319 605 1399 vitm
626 1321 777 1408 filiusque
799 1319 1002 1408 perditionis,
1025 1321 1105 1407 quia
1124 1322 1214 1386 filius
1240 1321 1363 1387 diaboli
1385 1321 1444 1407 qui
1464 1343 1561 1387 accur
1691 1338 1692 1383 l

341 1421 580 1516 Apparenuydax
602 1429 648 1489 ost
670 1429 700 1489 ct
718 1429 820 1508 pour
840 1422 1040 1502 madoci&
1061 1425 1196 1511 insuper
1210 1429 1245 1489 et
1263 1424 1366 1489 falsus
1387 1423 1485 1490 mis
1500 1425 1560 1501 sui,
1691 1392 1692 1425 1

343 1517 500 1634 {Affiffi
511 1525 597 1591 sicut
628 1525 710 1591 dicit
743 1523 975 1612 Augustinus3
1008 1528 1128 1592 abusor
1159 1547 1289 1613 quoque
1321 1527 1409 1591 vasis
1439 1526 1560 1613 pretio·

343 1599 433 1715 affe,
452 1599 485 1646 ω’
512 1627 640 1706 nissimi,
676 1628 716 1694 de
747 1649 813 1713 quo
845 1627 946 1694 debet
969 1628 1043 1694 Rex
1075 1651 1222 1694 summus
1253 1629 1356 1694 cibari
1387 1634 1423 1694 et
1443 1629 1561 1716 potari.

342 1716 455 1782 ΟΜ·
512 1729 626 1796 Sermo
649 1730 738 1796 enim
760 1752 819 1796 vas
841 1737 892 1797 est
913 1731 950 1796 in
971 1753 1037 1818 quo
1059 1731 1132 1797 Deo
1157 1731 1323 1796 offerimus
1351 1731 1474 1796 scilicet
1492 1753 1559 1796 non

342 1799 366 1850 p.
431 1819 439 1836 ’
512 1833 619 1899 solum
632 1834 806 1900 veritatem
823 1835 951 1899 eutium
961 1831 982 1914 ¹,
997 1833 1056 1900 sed
1070 1839 1106 1900 et
1126 1834 1235 1900 laudis
1256 1833 1360 1921 ipsius
1382 1838 1418 1899 et
1439 1839 1559 1899 nostra

511 1935 730 2012 confessionis,
755 1935 875 2021 quibus
897 1941 1056 2023 tanquam
1078 1937 1151 2002 cibo
1173 1941 1208 2002 et
1229 1939 1321 2022 potu,
1337 1957 1372 2000 se
1386 1940 1481 2013 toste,
1504 1936 1559 2000 dc

510 2038 658 2104 lectatur.
697 2037 768 2103 Nec
790 2043 841 2104 est
863 2043 1014 2104 creature
1028 2039 1141 2126 aliqua
1162 2061 1237 2124 quae
1259 2043 1355 2125 gerat
1375 2039 1556 2126 expressius

510 2140 611 2206 Verbi
636 2141 799 2206 incarnati
844 2141 1105 2219 similitudinem,
1144 2162 1243 2227 quam
1280 2141 1434 2206 humanae
1469 2142 1557 2206 vocis
1691 2156 1692 2199 3

507 2243 666 2310 verbum:
717 2265 816 2330 quam
861 2244 1090 2310 abominabilis
1132 2249 1184 2310 est
1223 2265 1301 2330 ergo
1346 2248 1382 2308 et
1418 2243 1556 2308 maxime

507 2347 658 2412 veritatis
680 2347 794 2412 doctor
815 2351 849 2412 et
870 2347 1012 2426 auditor,
1034 2347 1072 2412 in
1092 2367 1171 2413 vase
1193 2351 1264 2412 tam
1285 2345 1424 2412 mirifice
1446 2346 1555 2412 caelato

507 2470 568 2535 pro
597 2449 750 2514 veritatis
779 2449 927 2535 puritate
957 2449 1135 2536 propinans
1164 2470 1292 2514 summo
1323 2447 1408 2534 Regi
1429 2448 1558 2513 menda-

496 2551 604 2630 cium,
628 2551 716 2637 quod
745 2550 836 2616 inter
858 2551 970 2617 omnia
990 2556 1042 2616 cst
1072 2551 1137 2637 ipsi
1167 2571 1293 2616 summe
1315 2549 1557 2615 abominabilel

509 2653 665 2742 Oolligite
687 2653 790 2740 igitur
812 2675 855 2719 ex
876 2653 1248 2741 praedictis‚‘mendacis‚
1271 2653 1350 2718 licet
1383 2653 1503 2718 exilem
1523 2661 1556 2718 ct

510 2779 577 2824 non
598 2757 739 2845 plenum,
755 2756 1028 2843 descriptionem
1050 2756 1138 2842 quod
1158 2755 1230 2842 ipse
1245 2755 1400 2821 videlicet
1422 2760 1474 2821 est
1495 2755 1555 2820 Dei

508 2860 696 2947 abnegator,
720 2859 844 2924 diaboli
873 2859 988 2946 proles,
1011 2864 1127 2925 contra
1157 2859 1301 2946 seipsum
1331 2858 1429 2924 testis
1451 2857 1556 2938 falsus,

508 2962 597 3028 vasis
634 2961 860 3050 pretiosissimi
898 2961 935 3026 in
972 2960 1038 3028 Dei
1074 2966 1300 3048 contemptum
1331 2966 1367 3028 et
1404 2961 1556 3028 offensam

508 3064 841 3130 abominabilissimus
873 3065 1014 3144 abus0r;
1045 3087 1084 3130 ac
1104 3085 1163 3150 per
1183 3053 1255 3130 haec
1276 3063 1434 3150 suiipsius
1456 3064 1556 3129 homi·

509 3167 582 3234 cida
603 3173 638 3233 et
659 3167 816 3254 proditor.
862 3167 1027 3252 Nunquid
1060 3187 1128 3231 non
1161 3188 1287 3232 summe
1309 3166 1488 3232 dolendum
1511 3172 1556 3231 cst

509 3269 598 3354 quod
628 3275 698 3336 tam
729 3269 884 3336 horrida³
915 3269 1011 3336 vobis
1044 3270 1191 3356 coaptari
1221 3273 1331 3356 potest
1361 3269 1555 3355 descriptio?

341 3377 420 3428 Their
510 3371 592 3453 Quis
629 3373 716 3438 enim
760 3394 827 3439 non
866 3373 961 3438 novit
996 3372 1206 3438 sanissimum
1250 3393 1327 3450 esse,
1365 3371 1554 3458 magistrum

340 3445 469 3562 ffl‘ssm
510 3475 686 3540 Ricardum
725 3475 766 3540 da
804 3475 1009 3562 Kyrkeham,
1046 3480 1192 3562 tempore
1225 3496 1291 3562 quo
1321 3474 1481 3560 quosdam
1516 3496 1555 3538 ex

340 3579 470 3655 necaro!
509 3577 604 3643 vobis
640 3578 811 3664 suspendit
841 3577 895 3644 vol
931 3575 1236 3654 excommunicavit,
1271 3576 1342 3642 sive
1368 3577 1460 3661 juste
1491 3577 1556 3641 sive

340 3644 639 3768 ffifflfinjusa,
662 3679 787 3744 sunm
809 3680 846 3744 in
868 3703 929 3746 vos
956 3679 1220 3766 jurisdictionem
1250 3678 1402 3744 saonae
1431 3679 1559 3744 oran.

341 3793 486 3856 mmmm·
509 3783 593 3848 riam
615 3787 675 3848 aut
695 3783 902 3869 delegatam?
940 3783 1061 3849 Nonne
1076 3781 1267 3868 vosmetipsi
1287 3782 1397 3867 ipsum
1418 3780 1557 3867 petiistis

342 3847 493 3962 ffigpor
509 3885 545 3950 in
563 3885 716 3970 judicem,
741 3890 776 3950 et
796 3887 934 3950 nuncios
954 3885 1082 3952 adhoc
1102 3883 1349 3972 impetrandum
1370 3883 1504 3948 misistis
1524 3888 1557 3948 ct

341 3977 417 4030 them.
509 3987 730 4074 impetrastis?
775 3987 850 4063 Qua
882 3988 986 4074 igitur
1017 3989 1134 4067 fronte,
1157 4009 1226 4052 non
1251 3988 1357 4052 solum
1378 3986 1482 4050 verbo
1503 3987 1557 4051 scd

509 4097 544 4156 et
565 4091 686 4177 scripto
709 4091 885 4177 apostolico
916 4090 1045 4155 audetis
1075 4111 1216 4156 asserere
1246 4089 1355 4175 ipsum
1376 4087 1503 4153 nullam
1522 4088 1556 4151 in

510 4215 569 4259 vos
586 4193 848 4280 jurisdictionem
872 4192 1071 4258 ordinariam
1093 4196 1154 4258 aut
1183 4192 1366 4278 delegatam
1387 4190 1558 4255 habmssel

511 4296 671 4383 Nunquid
696 4297 809 4382 frons·
820 4294 1010 4362 meretricia
1036 4295 1136 4382 sacta
1157 4301 1204 4360 eat
1225 4293 1317 4360 cotis
1347 4297 1388 4359 ut
1408 4292 1558 4357 nesciatis

341 4405 395 4458 Jer.
410 4405 447 4458 iii.
462 4412 485 4458 a.
509 4404 580 4464 tum
617 4399 838 4465 verecundum
875 4398 970 4464 vobis
1014 4399 1222 4464 erubesceret
1277 4395 1357 4462 Filii
1393 4395 1556 4472 carissimi,

510 4525 592 4589 quos
616 4503 726 4588 (novit
747 4523 846 4589 quem
868 4501 952 4566 nihil
973 4500 1072 4586 latet)
1093 4505 1186 4588 gasto
1207 4499 1501 4579 affectumaterno
1522 4497 1557 4562 in

544 4727 551 4758 ¹
569 4725 671 4792 nauum]
690 4725 812 4786 euntium,
823 4722 915 4778 (lc-C.
1040 4723 1046 4791 Ι
1075 4721 1217 4790 ’barud
1229 4723 1364 4785 horrenda
1379 4721 1553 4789 C.C·C,.,0¹„
