3500 5784
701 878 883 930 mrsronn.
1273 867 1315 930 99

267 1053 297 1114 et
319 1068 399 1115 oum
415 1049 595 1136 potentia:
618 1056 649 1118 et
669 1050 832 1138 disperare
854 1058 938 1119 aaut
972 1073 1043 1119 oues
1063 1071 1146 1119 mace
1170 1072 1206 1118 eo
1227 1053 1319 1139 quod

267 1170 340 1216 noae
361 1158 441 1218 essct
465 1158 591 1239 postor.
639 1151 691 1220 Ut
723 1154 828 1241 igitur
858 1155 1019 1220 ultionem
1051 1153 1209 1242 effingias¹
1233 1177 1317 1220 mer-

267 1253 396 1332 cenarii,
419 1253 470 1319 lac
499 1260 533 1322 et
566 1255 677 1320 lenem
707 1257 886 1343 quaerentis
908 1262 943 1322 et
965 1279 1096 1344 gregem
1119 1278 1186 1322 non
1209 1262 1318 1324 enac

268 1355 397 1438 dientis,
435 1362 496 1424 aut
540 1363 575 1423 te
619 1359 775 1445 expedito
819 1359 862 1425 ab
907 1359 1131 1446 implicatione
1168 1364 1204 1425 et
1240 1381 1318 1424 cura
1420 1375 1423 1382 '

266 1459 460 1526 secularium
482 1459 698 1548 negotiorum,
714 1483 800 1527 curae
822 1463 987 1548 pastorali,
1004 1467 1043 1527 ut
1065 1466 1178 1548 pastor
1200 1462 1315 1543 bonus,

266 1561 445 1648 vigilanter
466 1563 640 1630 intendas:
671 1568 731 1630 aut
763 1564 898 1630 dimissa
930 1564 1089 1651 pastorali
1121 1586 1200 1630 cura
1225 1563 1315 1630 licite

266 1665 463 1731 secularibus
489 1665 631 1753 negotiis
653 1671 688 1732 te
710 1665 857 1754 implices
869 1692 878 1747 ;
909 1667 989 1752 quie
1017 1671 1195 1752 utrumque
1216 1665 1315 1731 simul

265 1787 362 1854 agere
399 1789 466 1834 non
503 1775 604 1855 potes
665 1769 763 1850 Quod
801 1767 828 1834 si
865 1768 910 1834 ad
954 1790 1067 1835 curam
1104 1769 1314 1856 pastoralem,

265 1871 384 1936 omissa
415 1871 610 1936 secularium
643 1871 851 1958 negotiorum
883 1891 970 1952 cura,
1002 1876 1043 1937 ut
1076 1871 1149 1937 Deo
1181 1871 1313 1949 milites,

265 1976 307 2052 te,
331 1973 416 2039 sicut
438 1978 577 2060 oportet,
600 1979 782 2054 convertas,
804 1977 915 2040 certus
948 1995 1021 2038 sum
1052 1973 1141 2058 quod
1169 1990 1243 2038 non
1264 1993 1316 2037 re-

264 2073 369 2161 fugies
392 2075 497 2142 solum
519 2075 675 2161 majorem
705 2097 816 2140 curam
850 2097 1036 2156 assumere3
1068 2075 1126 2141 sed
1148 2079 1314 2162 satageres

263 2177 304 2242 de
326 2199 447 2264 magna
468 2183 561 2266 parte
584 2199 668 2244 curm
686 2178 757 2264 jam
780 2183 956 2266 assumptae
978 2184 1014 2243 te
1036 2199 1223 2256 exonerare,
1239 2199 1313 2242 oum

263 2281 401 2346 senseris
423 2285 458 2345 te
480 2281 522 2346 de
544 2281 697 2346 omnibus
719 2287 753 2346 et
775 2281 913 2367 singulis
935 2281 1049 2346 ovium
1071 2285 1205 2346 tuarum
1227 2301 1313 2345 ccm-

263 2383 371 2447 missis
400 2383 562 2448 rationem
588 2383 724 2448 reddere
755 2383 879 2449 debere.
925 2382 997 2449 Neo
1028 2382 1125 2449 fallat
1157 2387 1200 2461 te,
1227 2381 1313 2448 sicut

262 2485 385 2550 multos
418 2484 514 2564 fallit,
548 2485 687 2550 obtenta
720 2485 805 2551 forte
839 2485 1042 2572 dispensatio
1078 2484 1223 2550 habendi
1260 2490 1313 2550 tot

261 2587 419 2653 beneficia
451 2587 690 2668 ecelesiastica3
729 2587 808 2674 quia
844 2587 1034 2674 hujusmodi
1070 2587 1312 2673 dispensatione

261 2691 419 2769 abutitur,
444 2691 591 2776 quisquis
622 2690 666 2754 ad
699 2690 801 2755 alium
831 2691 934 2755 finem
961 2711 1061 2776 quam
1092 2689 1135 2754 ad
1166 2689 1243 2754 fidei
1277 2695 1312 2754 et

261 2795 408 2859 caritatis
423 2791 744 2880 augmentationem²
767 2793 882 2858 eadem
896 2793 1012 2858 utitur.
1051 2791 1192 2859 Consule
1206 2791 1311 2878 igitur

261 2897 493 2963 conscientiam
524 2902 626 2974 tuam,
664 2900 789 2961 utrum*
815 2895 912 2982 plura
948 2895 1056 2961 whuo
1092 2894 1311 2960 ecclesiastice

261 3000 380 3085 quaeris
401 2999 567 3079 beneficia,
600 3002 640 3064 ut
673 2999 792 3064 caritas
825 3003 985 3086 augeatur
1015 2997 1053 3062 in
1083 2997 1220 3078 ovibus3
1250 3001 1311 3062 aut

260 3107 301 3168 ut
322 3107 362 3167 tu
383 3102 533 3189 augearis
567 3123 610 3167 ex
643 3099 757 3166 ovium
788 3101 932 3188 opibus;
961 3105 1001 3166 ut
1023 3104 1062 3165 tu
1092 3120 1206 3186 pascas
1232 3120 1310 3164 oves

259 3205 369 3284 verbo,
405 3203 563 3291 exemplo,
598 3209 634 3268 et
664 3205 820 3282 oratione,
852 3209 914 3268 aut
945 3208 986 3268 ut
1022 3209 1062 3268 tu
1093 3201 1235 3289 pascaris
1268 3201 1309 3266 de

260 3309 372 3374 ovium
417 3307 521 3374 lacte:
561 3305 639 3372 vide
681 3312 794 3372 utrum
832 3305 904 3370 Deo
947 3305 1054 3370 dicere
1092 3304 1197 3392 possis
1233 3325 1309 3371 cum

260 3411 470 3497 Augustino:
505 3416 523 3446 “
536 3409 685 3488 Domine,
713 3415 751 3474 tu
778 3407 842 3474 sois
866 3409 945 3495 quia
970 3407 1063 3488 dixi3
1085 3413 1125 3472 tu
1146 3407 1208 3473 scis
1230 3409 1309 3492 quie

260 3523 278 3548 “
300 3535 368 3580 non
389 3512 500 3593 tacui3
533 3518 572 3577 tu
604 3513 667 3576 scis
694 3510 773 3597 quia
794 3510 881 3590 flevi,
904 3532 979 3577 oum
1001 3510 1140 3576 dicerem
1171 3515 1207 3575 et
1239 3530 1308 3574 non

259 3615 390 3681 audirer
399 3613 428 3696 ;''
462 3613 531 3680 haec
552 3618 603 3680 est
624 3617 697 3679 tota
719 3613 758 3678 de
792 3612 908 3678 ovibus
940 3612 1108 3678 reddenda
1129 3612 1222 3678 ratio.
1269 3611 1307 3676 Si

257 3718 361 3806 igitur
382 3717 481 3802 hujus
502 3716 639 3782 rationis
654 3716 822 3782 cumulum
842 3715 977 3781 reddere
1000 3715 1072 3781 Dec
1095 3736 1163 3779 non
1184 3714 1308 3802 poteris

258 3821 299 3886 de
321 3821 439 3886 ovibus
460 3819 627 3906 hucusque
659 3818 723 3884 tibi
756 3817 956 3899 commissis3
979 3839 1045 3904 qua
1065 3817 1175 3883 fronte
1206 3817 1307 3882 audes

258 3929 418 4010 expetere,
441 3927 481 3987 ut
501 3922 610 4009 plures
643 3921 707 3986 tibi
742 3921 1000 3999 committantur,
1033 3942 1093 4006 pro
1126 3919 1246 4006 quibus
1272 3924 1306 3984 te

257 4026 439 4092 constituas
461 4023 632 4110 amplioris
654 4023 793 4088 rationis
814 4022 991 4089 reddenda
1013 4022 1194 4088 debitorem
1217 4020 1305 4107 apud

256 4128 535 4194 districtissimum
562 4125 708 4211 judicem
732 4130 765 4191 et
788 4130 974 4191 exactorem
1003 4125 1174 4211 usquead
1195 4124 1305 4189 novis-

255 4232 376 4298 simum
409 4230 649 4316 quadrantem?
686 4228 725 4294 si
753 4229 825 4315 regi
856 4235 988 4294 terreno
1021 4249 1090 4293 non
1122 4248 1233 4315 posses
1253 4248 1306 4291 ra-

255 4335 381 4401 tionem
428 4331 564 4398 reddere
610 4331 651 4398 de
697 4329 899 4398 villicatione
944 4329 1087 4411 minori;
1143 4329 1306 4415 quomodo

257 4545 279 4552 ,,
310 4545 314 4552 ,
327 4540 847 4551 -........-..--.--.--..-.---
858 4540 880 4544 --

523 4765 534 4794 ²
549 4759 776 4828 aupmmtuticucm]
795 4764 966 4826 augmentum,
978 4757 1031 4808 Sld.
1154 4838 1175 4899 2

1115 4851 1139 4900 G
