3500 5784
710 876 894 926 mrsronn.
1254 856 1317 920 109

275 1007 402 1119 actione
432 1052 603 1140 personali,
625 1051 749 1117 laiculis
780 1051 956 1139 potestatis
987 1050 1126 1115 subeant
1153 1043 1323 1132 judicium.
1337 1064 1442 1117 orosa

274 1154 429 1221 Intentat
450 1155 553 1220 etiam
574 1153 701 1219 domini
727 1154 814 1240 regis
835 1151 1031 1219 excellentia
1053 1150 1214 1237 parvitati
1243 1168 1325 1213 meae
1337 1131 1455 1248 ffihm

275 1278 342 1321 non
364 1256 542 1322 mediocres
570 1256 684 1337 minus,
708 1276 746 1319 eo
780 1253 869 1340 quod
892 1254 1027 1319 auribus
1061 1252 1160 1338 regiis
1193 1251 1481 1385 intima-{papum

143 1413 148 1427 ,
275 1363 348 1424 tum
371 1360 422 1437 sit,
445 1380 499 1423 me
520 1358 644 1424 talibus
667 1379 749 1443 quae,
772 1363 812 1422 ut
842 1356 948 1437 credo,
970 1362 1115 1443 vergunt
1138 1355 1173 1418 in
1201 1352 1326 1417 animn—
1339 1383 1453 1463 kingror

275 1482 350 1524 rum
372 1459 579 1547 dispendium
602 1463 637 1524 et
659 1457 883 1525 ecolesmticae
905 1457 1070 1523 libertatis
1089 1453 1324 1543 praejudicium,
1339 1462 1485 1544 buopposi-

275 1562 406 1629 obsture
429 1562 520 1640 velle,
544 1561 638 1647 quasi
666 1562 704 1625 in
733 1559 794 1625 hoc
816 1560 946 1626 obstare
968 1580 1103 1625 conarer
1135 1578 1263 1623 corones
1293 1540 1400 1621 etuas.

277 1663 434 1750 dignitati
454 1664 566 1751 regiae·
620 1662 748 1729 Vestrae
776 1683 904 1748 quoque
933 1659 1145 1748 paternitatis
1175 1657 1487 1806 discretiop’irsrlemppp¹8

274 1766 345 1850 jam
367 1766 420 1832 bis
441 1765 524 1831 mibi
554 1764 763 1852 significavit,
788 1765 876 1849 quod
900 1764 986 1830 sicut
1012 1763 1093 1829 viris
1124 1760 1328 1847 sapientibus
1341 1808 1414 1859 twice
1425 1824 1468 1857 an-

279 1872 314 1933 et
336 1868 485 1933 discretis
506 1868 613 1932 visum
637 1874 696 1945 est,
719 1866 756 1931 in
778 1865 965 1952 hujusmodi
988 1862 1263 1953 supersedendum
1284 1861 1329 1926 sit
1342 1876 1495 1954 premunt

278 1976 314 2035 et
348 1969 635 2035 dissimulandum
653 1990 756 2054 usque
786 1969 830 2034 ad
853 1968 1036 2035 Concilium
1074 1990 1095 2031 a
1124 1966 1218 2033 vobis
1250 1943 1497 2058 οεΙε·ζξζῇξῗῗξῇζ

279 2072 450 2137 blandum.
495 2072 582 2152 Quia
602 2070 709 2157 igitur
740 2071 777 2135 in
814 2070 866 2136 his
899 2070 976 2136 hinc
1009 2070 1087 2135 inde
1119 2068 1331 2134 vehementer
1342 2074 1492 2163 asempung

279 2173 488 2260 pulsantibus
510 2174 547 2238 in
580 2174 720 2252 diversa,
742 2173 861 2239 animae
893 2194 975 2239 meae
1009 2172 1109 2237 timeo
1142 2142 1489 2257 periodum,2,f1²⁶⁰¹¹¹¹·

234 2270 239 2277 ’
280 2276 393 2341 volens
414 2277 534 2341 animae
563 2297 646 2341 meoe
678 2275 778 2341 saluti
814 2279 889 2361 (pro
922 2297 987 2361 qua
1018 2274 1139 2339 bonam
1170 2274 1331 2337 rationem

280 2378 409 2443 debetis
433 2376 569 2443 reddere
588 2377 639 2441 in·
658 2377 808 2442 districto
830 2376 982 2454 examine
1004 2376 1040 2441 in
1072 2376 1125 2441 die
1147 2372 1282 2462 judicii)
1311 2394 1332 2437 a

282 2486 402 2546 vcstrae
446 2479 657 2566 paternitatis
700 2478 909 2545 solicitudine
965 2478 1146 2544 districtius
1199 2475 1330 2557 consuli,

280 2603 392 2667 qusero
425 2604 445 2647 a
474 2581 569 2647 vobis
607 2580 688 2645 mihi
726 2581 895 2646 evidenter
932 2585 966 2645 et
1002 2579 1099 2666 plane
1135 2578 1331 2665 responderi,
1344 2588 1486 2667 ustinus

279 2691 393 2749 utrum
415 2682 560 2770 religiosi
582 2688 732 2770 gerentes
754 2681 895 2747 officium
921 2681 1113 2767 justitiarius
1135 2678 1331 2765 hujusmodi,
1345 2660 1496 2706 ⁸¹¹²⁰H¹⁰²l

281 2791 316 2851 et
338 2785 454 2863 clerici,
478 2807 552 2850 oum
586 2786 792 2871 impetuntur
822 2785 859 2847 in
893 2784 1020 2849 actione
1054 2782 1223 2870 personali,
1257 2780 1333 2845 sub-

76 2904 82 2911 ·
201 2896 208 2909 '
281 2887 418 2952 inientes
440 2886 619 2971 sejudicio
641 2886 755 2964 laicali,
779 2890 921 2973 peccent,
946 2906 990 2949 an
1013 2889 1102 2949 nont
1126 2884 1163 2949 Si
1185 2884 1274 2948 enim
1297 2884 1332 2947 in

282 2988 334 3053 his
367 3010 434 3053 non
465 2992 610 3075 peccant,
645 2987 763 3054 leviter
795 2987 967 3053 ferendum
1005 2992 1055 3053 est
1089 2984 1176 3071 quod
1207 2986 1244 3049 in
1273 2984 1333 3049 bac

282 3095 376 3178 perte
398 3090 547 3170 faciunt3
577 3090 606 3155 si
628 3090 765 3155 veroin
794 3090 846 3154 his
868 3094 1013 3176 peccant,
1037 3088 1187 3175 nunquid
1209 3110 1276 3166 vos,
1300 3093 1335 3153 et

282 3216 352 3281 ego,
391 3194 449 3279 qui
486 3198 638 3258 tenemur
674 3213 734 3279 pro
770 3192 836 3257 illis
872 3193 999 3256 animas
1039 3196 1168 3257 nostras
1204 3212 1334 3277 ponere,

282 3317 455 3382 possumus
491 3293 563 3359 sine
599 3299 740 3381 peccato,
779 3290 892 3359 eorum
924 3292 1079 3381 peccato¹
1118 3315 1184 3358 non
1222 3294 1335 3359 statim

248 3427 251 3433 ¹
284 3418 459 3478 occurrere,
483 3404 518 3461 ct
542 3417 594 3462 eos
616 3396 810 3492 aliquandiu
833 3396 870 3460 in
892 3394 988 3461 lovea
1010 3396 1136 3483 peccati
1159 3396 1335 3477 dimittere,

284 3504 333 3563 ut
346 3502 556 3585 posteacum
585 3496 765 3563 maturiore
798 3496 931 3563 consilio
965 3496 1094 3563 eosdem
1126 3497 1337 3563 extrahamus

285 3622 307 3665 a
342 3598 573 3687 pcccatorum²
605 3603 730 3687 puteot
775 3599 872 3680 Quod
909 3606 1020 3669 autem
1065 3599 1101 3665 in
1146 3599 1208 3665 hac
1244 3606 1418 3687 partsThat
1428 3610 1450 3661 it
1461 3610 1483 3660 ir

285 3708 421 3788 peccent
452 3708 522 3767 tam
553 3700 695 3789 religiosi
727 3724 826 3788 quem
857 3700 973 3781 clerici,
998 3700 1138 3767 *videtur
1169 3702 1339 3769 evidenter
1349 3677 1449 3795 2122·ss

227 3865 231 3869 r
284 3826 379 3890 posse
400 3802 586 3871 monstrari.
631 3802 717 3870 Cum
739 3803 828 3868 enim
858 3814 970 3869 omnes
1000 3808 1178 3870 tencantur
1207 3804 1338 3871 obedire

286 3906 423 3973 statutis
459 3905 580 3971 summi
618 3905 783 3991 pontificis
820 3910 854 3971 et
903 3896 1128 3971 sanctionibus
1165 3908 1336 3985 canonicis,

283 4009 386 4095 juxta
421 4008 504 4073 illud
541 4013 743 4094 praeceptum
769 4008 943 4094 Apostoli:
984 4006 1117 4099 obedite
1143 4009 1338 4096 proepositt's
1349 4007 1414 4059 Heu.
1423 4007 1476 4061 xiii.

288 4108 407 4176 ominis
428 4115 458 4175 ct
478 4108 637 4195 aarum
659 4108 730 4187 eis‚·
764 4112 792 4174 si
815 4116 930 4175 eontra
951 4109 1122 4175 canonicas
1155 4113 1339 4177 sanctiones
1352 4080 1390 4127 η

289 4212 462 4277 manifeste
487 4210 638 4288 veniunt,
669 4232 778 4280 nonne
809 4210 1035 4277 inobedientes
1067 4218 1152 4291 sunt,
1176 4218 1211 4277 et
1240 4211 1339 4299 prosi
1353 4230 1364 4275 ι
1380 4224 1446 4277 Sam
1460 4240 1504 4279 xv.

288 4320 465 4399 peremnia
486 4310 670 4378 ariolandi
690 4312 928 4397 repuycuodo,
952 4319 986 4378 et
1008 4312 1114 4379 scobes
1136 4297 1392 4382 idololatrici&

290 4437 365 4482 non
391 4408 640 4500 abquiaeoeuda
664 4415 896 4480 committunt?
957 4414 1143 4481 Secundum
1170 4420 1341 4485 canonicas

329 4738 431 4789 'corum
440 4740 557 4807 peccato]
577 4757 627 4793 om.
639 4740 730 4794 ΟΜ.
818 4741 824 4809 Ι
881 4742 891 4775 ²
903 4744 1069 4811 peccatorum]
1086 4746 1189 4815 peccati,
1201 4748 1250 4800 Ox.
