3500 5784
428 841 492 914 176
755 861 906 910 nonnam
928 859 1156 912 oscssmssrs

425 1050 466 1112 se,
490 1029 653 1098 hominem
678 1033 714 1097 in
742 1033 805 1099 Dei
828 1033 1038 1116 formitatem,
1062 1058 1083 1100 a
1103 1035 1195 1101 fonte
1216 1034 1476 1123 compunctionis

424 1134 641 1221 laerymarum
664 1135 828 1202 deducens
857 1137 1043 1218 divisiones,
1070 1138 1285 1226 ingemiscens
1306 1142 1342 1204 et
1364 1138 1476 1203 dolens

423 1239 494 1304 sine
515 1238 755 1306 intermissione
777 1243 910 1327 propria
931 1247 966 1306 et
987 1241 1097 1307 aliena
1109 1247 1250 1329 peccata,
1273 1247 1308 1307 et
1329 1241 1476 1307 miserias

423 1363 595 1427 poenarum
613 1363 693 1428 quas
716 1343 851 1409 induxit
873 1343 977 1429 culpa,
991 1343 1108 1430 patriae
1124 1365 1253 1431 quoqne
1273 1343 1473 1419 dilationem,

423 1447 458 1509 et
480 1466 552 1510 eam
575 1465 674 1531 quam
696 1444 828 1533 ignorat
858 1447 996 1532 quisque
1018 1468 1062 1511 an
1095 1447 1140 1511 sit
1166 1444 1263 1512 cdio¹
1288 1447 1342 1512 vel
1364 1466 1474 1510 amore

423 1546 551 1632 dignus,
589 1547 865 1614 incertitudinem
926 1548 969 1613 In
1014 1547 1075 1614 hac
1118 1546 1256 1634 itaque²
1295 1547 1473 1613 solitudine

423 1649 537 1715 taliter
579 1649 844 1736 philosophantes
881 1652 970 1717 viros
1007 1649 1241 1737 cognominant
1276 1651 1388 1731 etiam,
1433 1656 1473 1715 ut

424 1752 549 1817 dictum
586 1757 644 1830 est,
683 1753 915 1840 Therapeutas‚
950 1753 997 1819 sio
1030 1755 1135 1819 dictos
1168 1775 1189 1818 a
1225 1754 1327 1820 verbo
1359 1753 1472 1818 Graeco

424 1853 573 1940 θεραπεύω,
597 1855 686 1940 quod
708 1861 759 1920 est
789 1877 828 1921 ex
861 1855 1042 1922 dilectione
1072 1863 1103 1921 et
1137 1855 1324 1922 liberaliter
1354 1855 1472 1936 servio,

423 1957 540 2042 quesi³
555 1979 597 2023 ex
611 1959 784 2025 dilectione
807 1964 842 2026 et
856 1959 1012 2025 libertate
1034 1959 1170 2046 spiritus
1196 1957 1471 2024 mundissimum⁴

423 2061 555 2125 unitum
571 2065 606 2126 et
619 2061 825 2148 impertitum
841 2067 1034 2148 praestantes
1055 2061 1262 2139 famulatum,
1278 2059 1471 2127 unientem⁵

422 2162 509 2248 ipsos
532 2163 568 2227 in
591 2163 654 2228 Dei
676 2165 858 2250 specificam
891 2163 1063 2242 unitatem,
1098 2170 1133 2230 et
1166 2163 1368 2231 Deiformcm
1400 2186 1472 2251 per-

423 2265 604 2332 fectionem.
650 2266 712 2332 Vel
737 2266 894 2333 dicuntur
914 2267 1138 2360 Thempeutep,
1161 2289 1183 2331 a
1209 2265 1360 2356 θεραπεύω,
1384 2265 1472 2353 quod

423 2373 474 2433 est
496 2389 589 2448 eoae,
613 2389 652 2434 eo
674 2368 762 2456 quod
784 2369 912 2434 animus
933 2370 1158 2436 accedentium
1185 2370 1228 2437 ad
1260 2369 1357 2456 ipsos,
1380 2370 1472 2435 velut

425 2469 561 2556 quidam
593 2471 758 2558 spiritales
779 2471 908 2550 medici,
942 2493 964 2537 a
993 2472 1122 2538 malitia
1147 2471 1346 2559 passionum,
1378 2471 1471 2557 quasi

424 2573 467 2638 ab
516 2575 751 2662 aegritudinum
800 2574 1072 2661 distemperantia
1109 2581 1238 2640 sanant.
1313 2573 1385 2651 Isti,
1430 2579 1472 2638 ut

423 2677 527 2756 aiunt,
550 2699 625 2744 cum
646 2677 733 2744 circa
752 2675 883 2764 regulas
904 2677 984 2742 vitae
1014 2675 1150 2764 agendae
1179 2676 1401 2764 philosophari
1422 2676 1473 2740 in-

425 2783 561 2871 cipiunt,
577 2807 598 2848 a
620 2783 813 2872 propinquis
836 2789 871 2848 et
892 2782 1148 2870 possessionibus
1177 2783 1344 2862 recedunt,
1367 2785 1472 2848 omni-

426 2886 488 2952 bus
511 2887 592 2952 vitae
605 2885 704 2974 hujus
726 2885 812 2953 curis
846 2891 881 2952 et
911 2885 1177 2952 solicitudinibus
1209 2885 1414 2963 renunciant,
1437 2891 1472 2951 et

424 2994 521 3055 extra
543 3011 655 3055 muros
684 2989 858 3055 civitatum
892 2989 929 3053 in
960 2988 1194 3055 solitudinibus
1216 2988 1271 3054 vel
1301 2988 1471 3054 montibus

422 3097 678 3173 conversantur3
709 3091 955 3158 considerantes
986 3111 1061 3155 cum
1092 3091 1252 3178 Baptista,
1277 3090 1366 3177 quod
1397 3113 1472 3156 con·

423 3194 548 3260 versari
592 3216 666 3259 cum
711 3193 926 3259 dissimilibus
970 3198 1022 3258 est
1066 3193 1185 3260 inutile
1229 3200 1265 3259 et
1308 3193 1471 3259 nocivum.

425 3296 654 3384 Propheticam
704 3296 813 3362 zelant
865 3301 900 3362 et
935 3303 1089 3362 exercent
1125 3296 1240 3375 vitam,
1272 3295 1471 3361 venerabilis

421 3399 502 3466 vitae
538 3399 697 3486 mysteria
730 3398 943 3486 perficientes.
998 3396 1120 3463 Nullus
1152 3419 1265 3464 eorum
1296 3397 1470 3486 quicquam

422 3501 523 3567 habet
559 3501 735 3588 proprium,
774 3522 880 3588 neque
916 3500 1034 3579 cibum,
1066 3521 1173 3587 neque
1203 3507 1327 3588 potum,
1362 3521 1469 3586 neque

421 3604 595 3690 quicquam
620 3603 761 3670 aliorum
795 3626 868 3690 quae
902 3603 946 3667 sd
976 3604 1119 3689 corporis
1151 3601 1360 3668 necessitates
1389 3607 1470 3667 sunt

424 3707 622 3787 neeessaria3
653 3707 710 3772 sed
742 3727 816 3771 suas
849 3703 1004 3793 reputet⁶
1036 3704 1179 3784 divitias,
1217 3704 1313 3792 leges,
1347 3711 1383 3771 et
1404 3727 1471 3770 ser-

421 3829 540 3887 mones,
564 3813 600 3874 et
629 3815 792 3895 praccepta
822 3807 1057 3896 prophetamm
1090 3813 1126 3873 et
1155 3808 1305 3894 hymnos,
1339 3813 1376 3873 et
1404 3807 1469 3872 alin

420 3911 541 3998 quibus
564 3911 702 3978 scientia
723 3915 759 3976 et
780 3911 887 3998 pietas
913 3915 1078 3998 augentur
1098 3914 1133 3976 et
1158 3910 1381 3997 perficiuntur.
1425 3911 1468 3976 ln

422 4015 474 4080 his
495 4014 626 4101 plenius
652 4013 823 4080 exercitati
856 4013 965 4078 cibum
996 4016 1031 4079 et
1051 4019 1167 4099 potum
1199 4035 1266 4079 non
1296 4019 1468 4079 assumunt

422 4121 501 4183 ante
523 4116 600 4184 solis
623 4137 779 4195 occasum,
802 4115 883 4200 quia
903 4115 1126 4203 philosophari
1146 4115 1219 4181 luce
1240 4115 1379 4203 dignum
1400 4137 1470 4184 csse

423 4345 609 4352 *un—-
613 4341 905 4350 --—--—--—-ae—·—-·
941 4341 955 4346 -
959 4341 971 4347 -
977 4341 1014 4348 u·-

458 4505 465 4538 ¹
480 4501 547 4572 odr'o]
565 4503 611 4565 irs,
623 4501 722 4562 C.O.G.,
734 4501 784 4554 Ox.
1002 4500 1013 4529 ⁴
1028 4498 1220 4566 amimam]
1233 4497 1468 4560 immundissimum.

454 4635 527 4686 'bae
538 4635 634 4702 sequ]
652 4635 757 4701 imaue
768 4633 823 4686 Sit
970 4577 1165 4725 obsim]
1177 4659 1301 4720 εεεεεεεε,
1312 4659 1367 4711 sn

456 4745 573 4798 ¹0.c.c.
586 4745 637 4796 snd
648 4745 698 4796 Ox.
711 4741 837 4796 insertde.
1003 4737 1139 4805 'repeton
1155 4747 1280 4804 reputant,
1289 4739 1453 4804 ec.c.‚0s
