3500 5784
620 881 798 931 srrsronn
1168 869 1234 936 307

189 1051 213 1118 J
214 1053 256 1118 ob
277 1061 502 1143 prosperatum
523 1062 558 1122 et
587 1058 623 1121 in
644 1059 736 1144 regni
758 1055 926 1123 sedentem
946 1055 1027 1122 solio
1048 1077 1116 1122 non
1135 1077 1234 1122 vene·

189 1162 268 1221 runt
289 1161 356 1224 tres
378 1159 474 1224 amici
496 1160 548 1224 sui
559 1183 567 1240 3
597 1161 639 1225 nd
661 1159 823 1246 leprosum
844 1181 932 1241 vero,
956 1160 1045 1226 omni
1066 1159 1233 1247 privatum

189 1261 359 1346 temporali
388 1261 474 1328 bono
505 1267 540 1328 et
570 1263 736 1328 sedentem
772 1263 809 1327 in
846 1262 1049 1348 sterquilinio
1085 1268 1234 1350 prompte

189 1368 412 1429 convenerunt
433 1385 501 1430 non
522 1365 638 1430 vocati.
699 1365 778 1430 Non
801 1370 851 1430 est
880 1366 983 1452 igitur
1003 1371 1234 1451 argumentum

187 1462 392 1531 imminutae¹
405 1466 588 1532 dilectionis
609 1471 643 1532 et
665 1466 879 1533 solicitudinis
900 1468 941 1533 de
962 1467 1066 1548 vobis,
1082 1465 1170 1554 quod
1191 1468 1235 1532 nd

188 1588 257 1649 vos,
302 1568 506 1658 (benedictus
544 1569 642 1650 Dens,
681 1575 814 1656 agentes
850 1589 1020 1656 prospare3
1065 1571 1154 1656 quod
1199 1574 1234 1635 et

188 1670 339 1734 novimus
371 1669 566 1736 sufficienter
588 1693 631 1737 ex
653 1675 748 1750 certa,
772 1693 839 1736 non
860 1677 974 1737 tamen
994 1693 1037 1738 ex
1058 1672 1233 1759 publicata,

189 1771 418 1857 exploratione,
441 1795 515 1858 quse
537 1773 632 1859 longe
655 1779 723 1838 stat
745 1779 840 1838 extra
860 1773 942 1838 fines
957 1795 1045 1840 verae
1067 1774 1233 1860 amicitiae)

189 1895 255 1939 non
277 1875 466 1940 noemma
488 1876 524 1940 in
555 1875 684 1961 propria
706 1897 862 1961 persona;
895 1875 950 1940 sed
982 1876 1127 1956 forte‚si
1158 1877 1235 1942 sub·

187 1975 279 2041 tilius
317 1976 377 2041 hoc
414 1977 616 2057 discutiatur,
651 1977 754 2062 magis
788 1978 975 2044 invenietur
1005 1984 1234 2065 argumentum

188 2079 360 2160 contrarii3
381 2101 479 2145 verus
516 2081 605 2145 enim
642 2101 733 2145 amor
769 2079 893 2166 placere
926 2103 994 2146 non
1027 2082 1153 2167 quaerit,
1177 2081 1233 2146 sed

187 2179 337 2266 prodesse
348 2207 357 2262 ;
395 2203 454 2246 nec
485 2185 650 2247 ostentare
681 2183 773 2268 qnasi
805 2181 989 2248 dilectionis
1020 2183 1122 2270 signa,
1159 2205 1233 2269 quae

187 2283 273 2347 veris
295 2283 494 2348 amatoribus
517 2288 551 2349 et
577 2283 662 2348 fictis
684 2291 923 2350 consueverunt
952 2307 1020 2350 esse
1043 2287 1232 2351 communia

189 2383 256 2449 Sed
292 2384 376 2450 forte
407 2385 493 2451 dicet
529 2385 656 2472 aliquis,
689 2385 776 2471 quod
812 2385 889 2452 licet
920 2386 1097 2453 secundum
1129 2388 1233 2475 legem

187 2485 369 2553 dilectionis
392 2487 590 2574 supersederi
617 2488 719 2574 possit
748 2487 790 2552 ab
824 2511 952 2554 accessu
974 2488 1142 2575 personali
1165 2512 1233 2555 non

187 2595 299 2656 tamen
321 2591 499 2656 secundum
519 2589 624 2676 legem
661 2591 817 2678 superiori
850 2587 971 2656 debitas
992 2592 1212 2658 venerationis
1224 2616 1233 2672 ;

188 2693 240 2757 oui
269 2693 499 2779 respondemus
536 2691 774 2758 consentientes
811 2715 885 2757 oum
916 2693 994 2780 ipso,
1019 2695 1107 2782 quod
1129 2695 1234 2759 omnis
1328 2775 1334 2790 Ι

187 2795 370 2860 reverentia
407 2801 441 2860 et
477 2795 581 2859 honor
626 2795 783 2880 superiori
820 2793 961 2860 debetur
997 2799 1032 2860 et
1069 2791 1234 2876 Domin03

188 2895 286 2982 qussi
322 2903 434 2962 tamen
479 2918 575 2962 suum
605 2895 728 2962 habent
760 2902 900 2982 oman,
930 2898 1024 2978 sicut,
1056 2899 1234 2964 secundum
1245 2921 1341 2974 neela.
1354 2921 1390 2972 lii.

187 2997 399 3077 Salamonem,
423 2997 544 3064 babeat
565 2997 686 3065 omnic
696 3022 710 3078 ;
740 3021 800 3064 neo
821 2999 981 3064 oredimus
1013 3020 1074 3065 nos
1104 3006 1234 3088 tempus
1244 2995 1266 3042 ¹·

187 3103 382 3168 conveniens
412 3102 654 3189 praetermisisse
666 3126 673 3182 ;
696 3121 778 3178 oum,
810 3102 838 3165 si
868 3101 1076 3168 conferantur
1107 3103 1150 3167 ad
1183 3104 1233 3166 in-

186 3207 291 3272 vicem
306 3205 445 3291 corporis
468 3205 571 3269 nostri
593 3203 745 3268 debilitas
759 3207 793 3268 et
815 3204 1021 3290 negotiorum
1042 3205 1235 3270 ecclesiasti-

186 3329 297 3373 corum
319 3297 413 3373 nobis
434 3304 656 3390 injunctorum
679 3305 837 3391 urgentia,
859 3326 933 3390 quse
955 3305 1145 3372 dilationem
1167 3329 1235 3372 non

186 3410 329 3497 capiunt,
364 3415 398 3474 et
434 3408 524 3495 regia
560 3407 664 3494 pietas
701 3407 879 3472 intermitti
915 3407 1024 3486 nollet,
1063 3409 1234 3496 apparebit

186 3512 319 3577 omnino
355 3515 504 3576 nostrum
541 3507 738 3595 corporalem
775 3509 817 3574 ad
861 3510 984 3594 regiam
1029 3510 1232 3594 majestatem

185 3613 405 3680 venerandum
426 3633 595 3687 secessum,
619 3611 655 3676 in
687 3615 817 3696 tempus
839 3611 1035 3697 expletionis
1055 3614 1232 3678 eorundem

186 3717 281 3803 qnod,
317 3715 450 3782 favente
487 3712 638 3789 Domine,
675 3712 712 3778 in
748 3711 841 3778 brevi
878 3714 941 3778 erit
977 3716 1233 3796 convenientius,

75 3800 81 3813 ¹
184 3819 284 3886 fuisse
321 3817 560 3896 differendum,
595 3837 668 3880 omn
705 3815 806 3880 etiarn
843 3816 928 3902 regis
965 3818 1152 3904 temporalis
1188 3819 1233 3884 sit

184 3922 295 4000 honor,
332 3921 360 3986 si
398 3919 496 4005 Regis
533 3918 648 3984 aeterni
686 3939 782 4003 opera
818 3917 921 4004 ipsius
958 3920 1122 3986 occasione
1166 3943 1233 3986 non

184 4024 411 4102 retardentur3
449 4027 484 4087 et
528 4019 604 4086 licet
640 4018 858 4086 verecundum
895 4021 940 4086 sit
977 4044 1037 4087 sua
1073 4045 1230 4103 enarrare,

184 4127 330 4212 cogimur
367 4129 478 4190 tamar
514 4143 588 4188 cnm
626 4120 728 4186 Paulo
765 4122 859 4206 quasi
896 4122 1089 4210 insipienter
1110 4131 1258 4194 vestrae
1272 4135 1376 4189 coen.

182 4228 353 4296 serenitati
367 4227 407 4292 de
428 4223 592 4290 nobismet
614 4223 727 4302 dicere,
742 4223 829 4309 quod
844 4245 955 4290 veram
976 4231 1011 4291 et
1031 4248 1100 4292 non
1120 4229 1231 4294 fictam
1243 4205 1281 4254 ¹⁷·

183 4332 225 4398 de
247 4335 358 4397 vestra
387 4326 493 4394 salute
522 4325 693 4412 temporali
723 4331 759 4390 et
791 4331 916 4392 aeterna
950 4328 1093 4414 gerimus
1126 4329 1230 4396 solici-

218 4691 225 4720 ¹
243 4687 384 4754 inminuto]
403 4683 557 4746 imminente,
577 4681 682 4736 ouon
705 4689 710 4704 '
766 4685 776 4714 ²
792 4683 858 4750 quc]
878 4684 929 4751 qui,
941 4684 1031 4740 (lc-O.

182 4771 225 4822 the
238 4768 330 4822 Cotton
341 4767 396 4822 MS.
408 4766 459 4818 bed
467 4765 570 4816 nvete.
704 4707 711 4822 l

1025 4851 1095 4912 112
