3500 5784
474 832 539 895 420
793 850 940 899 noenum
963 852 1193 903 ouossm'mru

472 1018 551 1107 ipsis
574 1024 738 1111 episcopie.
785 1024 935 1113 Cumque
952 1026 1009 1112 jus
1031 1028 1183 1093 divinum
1213 1027 1259 1093 sit
1275 1026 1331 1113 jus
1353 1026 1521 1105 naturale,

472 1124 560 1209 quod
581 1126 739 1212 proevalet
769 1130 999 1195 consuetudini
1032 1135 1068 1196 et
1100 1130 1339 1208 constitutioni,
1361 1136 1397 1197 et
1426 1152 1522 1216 quae·

471 1248 597 1313 cunque
631 1228 684 1294 vel
717 1230 862 1297 moribus
895 1239 975 1298 sunt
1010 1239 1141 1321 reoepto
1173 1234 1228 1299 vel
1264 1234 1392 1321 seriptis
1430 1254 1523 1297 oom-

470 1330 636 1414 prohensa‚
679 1332 708 1397 si
752 1334 897 1399 netumli
937 1334 1007 1420 juri
1028 1335 1153 1402 firerint
1181 1336 1328 1417 adverso,
1359 1357 1449 1401 rann
1484 1346 1520 1400 et

470 1430 564 1497 irritu
600 1440 678 1499 sunt
714 1434 876 1515 habenda,
914 1437 1014 1503 etium
1047 1440 1076 1504 oi
1112 1460 1191 1519 mos,
1232 1439 1262 1504 si
1305 1437 1520 1517 consuetudo,

470 1534 498 1597 si
519 1535 712 1602 constitutio
749 1559 951 1625 quaecunque
981 1540 1035 1605 vel
1064 1542 1226 1628 scripturo
1255 1540 1323 1605 aiio
1352 1540 1522 1627 praedictis

469 1636 729 1719 adversarentur,
753 1662 839 1707 vona
876 1650 912 1709 et
938 1642 1034 1709 irrito
1054 1644 1187 1731 penitus
1219 1649 1304 1709 esset
1324 1643 1518 1729 hujusmodi

302 1758 351 1807 oud
363 1758 447 1825 Serip-
470 1740 655 1808 adversatio
676 1742 833 1810 habenda.
879 1745 970 1811 Deus
984 1746 1072 1811 enim
1095 1746 1170 1833 Ipse
1185 1769 1244 1833 per
1264 1767 1301 1812 os
1322 1745 1521 1834 legislatoris

300 1826 459 1945 affici&
472 1848 506 1907 et
537 1845 775 1931 prophetorum,
805 1852 841 1913 et
865 1848 999 1913 tandem
1020 1870 1080 1935 per
1101 1872 1137 1913 oe
1170 1850 1345 1936 proprium·
1369 1854 1405 1913 et
1427 1849 1520 1933 Ape

301 1962 419 2011 manuos
472 1945 639 2029 stolorum,
664 1946 867 2036 Scripturom
890 1973 1016 2017 suerum
1038 1951 1154 2030 edidit,
1176 1957 1211 2017 et
1233 1952 1321 2038 quod
1346 1951 1383 2016 in
1405 1950 1521 2037 Serip-

303 2026 366 2077 Gor.
471 2054 546 2114 turn
568 2050 757 2117 ordinatum
789 2058 839 2119 est
870 2058 904 2118 et
925 2060 1125 2140 praeoeptum
1162 2053 1238 2141 Ipse
1260 2052 1351 2119 Deus
1381 2053 1520 2117 ordinat

468 2158 502 2217 et
546 2152 716 2241 praecipit3
762 2156 819 2220 sed
851 2155 1051 2222 ordinationi
1084 2161 1120 2222 et
1156 2161 1318 2243 praeoepto
1349 2156 1415 2221 Dei
1441 2157 1519 2241 quis

468 2254 522 2321 vel
559 2258 639 2343 quid
676 2256 830 2323 resistet?
873 2259 1030 2339 Quinimo
1059 2259 1146 2325 siout
1175 2260 1271 2325 do'oet
1306 2259 1520 2347 Augustinus

299 2382 326 2436 g.
337 2384 406 2453 Aug.
469 2357 505 2421 in
552 2359 637 2425 libro
675 2360 932 2439 Confessionum,
969 2362 1071 2427 etium
1120 2371 1223 2427 “oum
1260 2362 1352 2427 Deus
1388 2361 1520 2446 uliquid

297 2452 410 2569 ffisffff·
471 2466 487 2495 “
510 2464 624 2527 oontro
667 2484 789 2527 morem
827 2468 861 2529 et
887 2468 1021 2551 partum
1042 2462 1262 2549 quorumlibet
1286 2462 1395 2549 jubet,
1416 2468 1453 2527 et
1485 2462 1517 2527 si

298 2557 353 2699 0312]
367 2558 420 2667 vjif,
470 2570 489 2596 “
511 2584 681 2649 nunquam
713 2564 761 2629 ibi
783 2566 908 2631 foetum
930 2572 990 2647 est,
1012 2565 1196 2631 faciendum
1218 2572 1276 2644 est,
1300 2571 1335 2631 et
1364 2565 1394 2629 si
1415 2564 1517 2630 omis-

327 2668 365 2716 m·
377 2668 394 2703 1·
405 2670 429 2719 r·

298 2722 338 2771 93·
469 2670 488 2699 “
511 2688 583 2731 sum
628 2666 889 2749 instaurandum,
933 2674 968 2734 et
1012 2668 1040 2733 oi
1076 2668 1270 2733 institutum
1317 2688 1386 2732 non
1433 2674 1518 2748 erut,

468 2772 486 2802 “
508 2767 749 2835 instituendum
771 2769 847 2835 est.'’
891 2770 980 2856 Ergo
1002 2792 1077 2835 cum
1098 2769 1256 2857 praedieto
1277 2769 1368 2835 Deus
1384 2770 1519 2835 ordinet

466 2874 502 2935 et
527 2870 652 2955 jubeat,
675 2872 781 2937 modie
811 2872 963 2937 omnibus
985 2877 1064 2937 eunt
1085 2872 1243 2938 faciendo

300 3000 338 3049 No
349 2999 410 3051 civil
512 2972 660 3058 Cumque
697 2974 767 3041 haeo
804 2974 965 3039 rutionem
998 2974 1142 3041 habeant
1178 2972 1399 3053 evidentem¹,
1436 2997 1514 3041 oum

297 3067 386 3117 lavor
468 3074 553 3140 ratio
575 3080 610 3141 et
632 3074 697 3162 legi
720 3082 754 3141 et
776 3076 1006 3142 consuetudini
1027 3077 1213 3164 praevuleet,
1235 3098 1274 3143 eo
1308 3076 1398 3164 quod
1427 3078 1516 3144 ratio

296 3142 395 3263 ilii?
386 3208 412 3251 to
467 3182 501 3241 et
515 3177 618 3264 legem
633 3178 711 3245 feeit
725 3183 760 3243 et
781 3179 1057 3259 cousuetudinem,
1074 3188 1108 3245 et
1129 3200 1197 3246 non
1212 3202 1231 3245 e
1244 3200 1401 3244 eonverso
1415 3203 1424 3259 ;
1444 3201 1516 3244 non

297 3266 420 3319 interfere.
468 3279 566 3345 debet
587 3280 639 3345 his
662 3281 818 3347 obsistere
851 3281 933 3369 legio
955 3281 1061 3348 civilis
1082 3286 1143 3347 out
1175 3280 1422 3347 consuetudinis
1455 3283 1515 3346 nd-

464 3383 613 3450 veroutio.
682 3384 728 3450 Et
773 3406 847 3451 oum
892 3385 1078 3451 observatio
1130 3385 1363 3472 praediotornm
1406 3386 1515 3472 magis

464 3491 615 3570 operetur
637 3485 778 3552 sulutem
800 3486 997 3565 animarum,
1019 3490 1055 3553 et
1085 3507 1199 3552 eorum
1232 3487 1364 3552 omissio
1396 3507 1514 3550 eumm

463 3586 508 3651 uit
542 3588 677 3654 evidens
709 3588 954 3668 detrimentum,
989 3610 1062 3655 oum
1094 3589 1236 3655 debeant
1265 3588 1394 3675 praelati
1424 3588 1515 3654 siout

462 3696 608 3777 pastores
644 3692 724 3757 boni
761 3714 820 3779 pro
862 3692 970 3779 gregis
1006 3692 1058 3757 oui
1095 3692 1202 3758 solute
1239 3691 1340 3757 etium
1383 3690 1514 3755 unimus

463 3814 593 3879 ponere,
617 3793 779 3879 quomodo
811 3798 970 3882 poterunt
998 3793 1084 3859 solvi
1105 3815 1175 3859 esee
1197 3798 1232 3859 et
1253 3792 1412 3880 pruediotu
1441 3814 1514 3858 non

463 3898 657 3963 observaret
701 3896 789 3962 Item
822 3919 896 3962 cum
930 3896 1021 3963 Deus
1051 3900 1086 3961 et
1116 3896 1204 3961 ratio
1233 3918 1302 3961 non
1332 3916 1445 3962 errans
1469 3903 1513 3961 -et

461 4006 582 4067 notura
604 4021 729 4087 semper
750 3998 947 4086 praeeligunt
968 3999 1012 4064 ad
1033 3998 1218 4065 faciendum
1239 3997 1326 4064 illud
1345 3998 1388 4063 de
1407 3997 1513 4085 pluri-

461 4102 523 4168 bus
557 4100 646 4189 quod
668 4106 718 4167 est
739 4100 864 4181 melino,
888 4107 924 4166 et
945 4098 1101 4167 eoelesio⁹
1123 4099 1187 4165 Dei
1209 4098 1254 4165 sit
1276 4099 1443 4165 imitatrix
1476 4106 1514 4165 et

460 4205 599 4270 rationis
635 4224 703 4269 non
745 4202 893 4281 errantis,
931 4224 1005 4269 eum
1049 4203 1278 4290 poediotorum
1323 4201 1512 4267 observatio

459 4307 574 4372 melior
610 4306 655 4372 sit
691 4327 789 4391 quum
827 4326 940 4372 eorum
977 4305 1117 4384 omissio,
1147 4304 1222 4391 quis
1258 4302 1394 4369 dubitet
1427 4304 1512 4390 quin

451 4408 647 4497 euprudiota
683 4408 752 4474 sint
792 4409 829 4473 in
869 4408 1003 4474 eeclesia
1046 4431 1067 4473 u
1099 4408 1245 4495 personis
1287 4406 1514 4473 ecelesiasticis

493 4730 500 4761 ¹
518 4729 660 4796 munem]
679 4729 941 4794 utromodo
970 4729 977 4798 ι
1024 4704 1164 4801 Ἕω]
1182 4732 1347 4798 comum
