3500 5784
486 848 553 911 ela
806 862 952 913 nonnum
975 862 1202 913 oscssnrnsrs

486 1037 618 1103 clericus
639 1042 752 1103 noster
773 1040 814 1104 de
836 1039 944 1104 verbis
958 1040 1077 1105 vestris
1099 1041 1287 1127 conceperit,
1310 1040 1438 1107 credere
1458 1062 1523 1107 non

486 1161 664 1227 possumus,
689 1140 776 1226 quod
797 1147 917 1207 vestrae
939 1142 1085 1206 caritatis
1107 1142 1273 1208 sinceritas
1295 1164 1372 1229 erga
1393 1164 1451 1209 nos
1481 1144 1523 1209 sit

486 1243 677 1322 immutate3
709 1244 891 1329 praesertim
923 1266 1007 1325 cum,
1039 1244 1075 1309 in
1106 1250 1266 1331 quantum
1299 1246 1403 1312 dictat
1432 1246 1523 1311 nobis

487 1349 600 1410 nostra
621 1346 825 1424 conscientia,
857 1368 923 1410 non
957 1346 1168 1412 meruerimus
1193 1368 1265 1412 eam
1288 1369 1364 1435 erga
1384 1369 1444 1413 nos
1465 1350 1523 1413 im-

488 1447 625 1527 mute1i;
658 1447 859 1534 sciamusque
895 1448 983 1534 quod
1007 1453 1125 1515 vestrae
1158 1450 1342 1515 sanctitatis
1376 1450 1523 1515 discretio

487 1570 555 1614 non
575 1549 715 1615 libenter
734 1550 829 1615 audit
849 1550 977 1636 linguas
1000 1550 1213 1631 detrahentes,
1236 1573 1296 1617 nec
1316 1550 1409 1617 facile
1424 1552 1524 1617 credit

488 1652 705 1738 malignorum
727 1652 867 1717 susurris
874 1676 884 1733 3
918 1652 975 1717 sed
1007 1652 1093 1739 sopit
1125 1674 1225 1719 cures
1246 1676 1328 1719 coco
1349 1652 1462 1741 aptota
1481 1676 1524 1719 nc

488 1755 602 1820 audiat
639 1755 830 1840 sanguinem
867 1755 1091 1821 detractionis:
1127 1760 1162 1821 et
1188 1754 1319 1822 vultum
1351 1756 1525 1844 praetendit

487 1858 625 1937 tristem,
669 1862 709 1922 ut
753 1857 922 1922 audaciam
967 1858 1128 1923 deterreat
1164 1859 1354 1923 susurronis
1400 1858 1525 1924 Scimus

487 1961 587 2025 etiem
610 1959 698 2043 quod
719 1963 831 2025 vestra
863 1960 944 2024 satis
974 1960 1069 2025 novit
1098 1960 1258 2039 diseretio,
1280 1982 1340 2025 nos
1371 1959 1527 2048 plurimos

489 2061 652 2127 offendere
675 2061 733 2147 qui
762 2061 913 2126 omnibus
943 2052 1118 2148 procurant
1139 2062 1292 2128 versutiis
1322 2068 1357 2128 et
1387 2063 1525 2140 astutiis,

488 2168 528 2229 ut
549 2184 607 2251 per
628 2185 663 2228 se
684 2162 738 2228 vel
759 2185 817 2250 per
838 2162 1032 2229 mediatores
1052 2165 1089 2229 in
1112 2186 1204 2230 aures
1226 2170 1350 2231 vestras
1372 2164 1413 2231 de
1433 2164 1528 2229 nobis

488 2265 651 2332 instillent
687 2266 834 2345 sinistre3
871 2271 912 2331 ut
945 2266 989 2331 sic
1020 2266 1187 2333 obfuscata
1220 2288 1296 2355 erga
1326 2289 1386 2333 nos
1418 2272 1528 2332 vestra

488 2368 669 2445 dilectione,
692 2390 730 2433 ao
751 2389 810 2455 per
831 2368 892 2433 hoo
913 2368 1007 2433 nobis
1029 2369 1166 2455 privatis
1187 2374 1298 2435 vestra
1319 2370 1526 2455 protectione,

488 2470 552 2557 ipsi
577 2470 712 2535 liberius
733 2469 867 2535 valeant
898 2471 934 2534 in
965 2492 1024 2535 nos
1057 2471 1223 2557 insurgere
1254 2475 1289 2536 et
1318 2471 1468 2537 licentius
1489 2472 1527 2535 in

487 2573 555 2638 suis
568 2572 662 2637 vitiis
684 2571 871 2638 sordescere.
919 2572 1088 2653 Quomodo
1109 2573 1220 2659 igitur,
1236 2572 1288 2638 his
1309 2571 1525 2651 consideratis,

488 2696 654 2762 possemus
675 2674 802 2739 medere
823 2678 942 2740 vestrae
965 2674 1147 2741 dilectionis
1165 2675 1296 2741 vultum
1316 2676 1527 2741 immutatum

488 2780 574 2842 esset
619 2776 764 2841 Maxime
785 2798 859 2842 oum
886 2777 1024 2843 sciamus
1054 2797 1114 2842 vos
1147 2782 1217 2842 tarn
1247 2782 1317 2842 erte
1350 2798 1448 2862 quam
1469 2798 1527 2842 ex·

488 2878 648 2965 parientia
677 2900 772 2944 nosse
801 2877 930 2943 nullum
960 2878 1002 2943 ab
1035 2884 1218 2945 accusatore
1240 2879 1428 2965 cujusquam
1456 2900 1527 2965 per·

488 2981 618 3045 stroderi
639 2980 764 3058 debere,
786 3001 854 3045 non
874 2980 989 3045 audito
1009 2982 1098 3067 prius
1112 2980 1249 3045 adversa
1262 2984 1364 3067 parte.
1408 2980 1528 3067 Tetigit

489 3087 599 3147 autem
636 3081 744 3148 dictus
780 3082 913 3147 clericus
949 3087 1060 3148 noster
1090 3084 1178 3168 quod
1214 3082 1362 3148 misimus
1397 3084 1441 3148 ad
1469 3104 1528 3147 vos

472 3184 692 3275 ,aliquotiens
715 3183 809 3250 vobis
839 3189 949 3250 tamen
980 3205 1047 3249 non
1080 3184 1264 3263 scribentes,
1298 3190 1456 3270 tanquam
1485 3206 1527 3249 ex

491 3287 591 3352 vestri
613 3291 803 3372 contemptu
824 3284 885 3351 hoo
906 3287 1227 3373 praesumpsissemus.
1273 3286 1325 3351 De
1339 3292 1527 3373 contemptu

488 3394 599 3454 autem
621 3393 738 3453 vestrae
760 3388 979 3473 paternitatis,
1006 3410 1113 3453 coram
1135 3387 1207 3453 Deo
1237 3394 1271 3453 et
1304 3388 1427 3475 angelis
1458 3388 1528 3474 ejus

373 3522 389 3554 0
402 3545 408 3557 .
488 3512 549 3554 nos
582 3510 780 3568 excusamus,
807 3493 842 3555 et
866 3488 1044 3555 secundum
1074 3490 1227 3555 notitiam
1253 3512 1352 3577 quam
1381 3490 1528 3577 spiritus

357 3610 363 3621 ·
488 3589 641 3657 immicis
671 3590 734 3677 qui
765 3598 812 3657 est
842 3591 886 3657 iot
907 3590 1043 3657 nuncu
1073 3591 1172 3657 habet
1209 3592 1249 3657 de
1285 3592 1357 3679 ipso
1388 3594 1526 3672 homine,

488 3695 640 3758 novimus
673 3714 733 3757 nos
764 3692 805 3759 de
838 3692 899 3760 hoc
932 3694 1093 3759 immunes
1126 3693 1230 3774 esse;¹
1268 3716 1328 3761 nec
1359 3696 1528 3762 recolimus

490 3794 577 3882 quod
613 3795 783 3881 quisquam
813 3797 857 3861 ad
893 3818 951 3863 vos
983 3796 1052 3862 sine
1083 3798 1203 3862 nostris
1239 3796 1342 3863 literis
1378 3820 1399 3862 a
1433 3798 1528 3863 nobis
1582 3792 1586 3798 ’

489 3898 589 3963 fuerit
610 3898 736 3978 missus,
754 3898 820 3963 nisi
841 3898 929 3985 quod
951 3900 1127 3985 praedictus
1148 3899 1281 3967 clericus
1302 3904 1414 3967 noster
1435 3900 1529 3967 nobis

489 4000 584 4079 dixit,
623 3999 710 4087 quod
747 4022 807 4065 vos
844 4024 888 4068 ex
923 4008 1016 4087 parto
1052 4008 1164 4067 nostra
1199 4004 1337 4089 rogavit,
1375 4004 1528 4089 quatinus

319 4116 465 4172 ⁸nicholao
489 4104 629 4189 gratiam
661 4102 762 4189 priori
786 4103 827 4169 de
853 4103 1043 4169 Davintre⁸
1071 4105 1196 4171 intuitu
1229 4106 1333 4171 nostri
1366 4106 1530 4185 faceretis3

325 4186 425 4252 deffly.
490 4207 547 4294 qui
583 4204 715 4271 clericus
752 4226 819 4271 non
855 4206 898 4272 ob
934 4205 994 4273 hoo
1030 4207 1259 4294 principaliter,
1294 4208 1350 4275 sod
1387 4209 1429 4275 ob
1465 4208 1530 4275 alia

488 4308 620 4395 negotia
641 4307 749 4373 firerat
770 4313 849 4374 tunc
870 4310 1004 4389 missus;
1035 4311 1087 4375 cui
1109 4315 1227 4389 temen,
1253 4311 1289 4377 in
1322 4332 1448 4379 recessu
1469 4334 1529 4377 suo

488 4432 509 4475 a
530 4410 625 4476 nobis
655 4410 698 4475 sd
730 4411 924 4477 instantiam
955 4411 1035 4477 dicti
1068 4412 1206 4498 prioris²,
1230 4418 1269 4477 ut
1291 4414 1384 4479 vobis
1409 4436 1468 4499 pro
1490 4435 1529 4480 eo

713 4672 720 4701 ¹
738 4672 827 4723 G.C.C.
840 4672 931 4724 inserts
942 4674 1127 4727 mutationis
1138 4674 1181 4729 the
1192 4675 1299 4743 margin.
