3500 5784
453 838 497 907 80
782 850 932 903 nonnam
953 850 1183 903 osossrrrsrn

452 1027 611 1095 donentur
647 1030 682 1094 et
716 1028 952 1115 approbantur,
986 1034 1021 1095 et
1054 1030 1125 1116 ipse
1157 1028 1282 1096 Paulus
1314 1051 1390 1097 eum
1421 1034 1505 1097 esset

452 1130 533 1195 aivis
568 1130 736 1197 Romanus
775 1130 939 1197 Oaesarem
975 1131 1166 1219 appellavit,
1205 1154 1264 1199 our
1296 1132 1505 1220 exceptiones

426 1224 622 1299 ¹dilatorias
660 1234 755 1320 quasi
786 1234 939 1319 iniquum
976 1234 1103 1321 aliquid
1140 1234 1320 1303 obicitis¹l
1364 1236 1507 1303 Possunt

451 1358 593 1424 namque
624 1336 763 1423 proponi
798 1334 971 1415 dilatoriis,
1002 1358 1079 1416 non,
1113 1337 1200 1405 siout
1233 1344 1426 1406 eonsuetum
1458 1346 1507 1405 est

451 1440 493 1505 ab
520 1439 661 1527 injustis,
685 1440 754 1505 sola
781 1438 973 1507 differendo
998 1439 1141 1526 justitiae
1170 1462 1275 1520 muso,
1307 1442 1367 1507 sed
1396 1464 1506 1508 amore

452 1542 641 1629 iniquitatis
678 1541 874 1629 repellendae
913 1546 948 1609 et
980 1531 1125 1628 justitian
1162 1544 1406 1630 consequenda.
1453 1546 1507 1609 Ad

450 1644 528 1723 haeo,
567 1646 604 1724 si,
643 1644 732 1732 quod
770 1644 957 1711 defensores
994 1646 1060 1711 mei
1102 1653 1344 1734 proposuerunt
1380 1648 1507 1733 aliquos

451 1748 629 1825 dilatorias,
654 1746 804 1834 iniquum
836 1746 984 1825 censetis,
1018 1754 1136 1814 osveot
1169 1753 1281 1813 vestra
1312 1748 1438 1835 religio,
1465 1770 1506 1814 ne

450 1850 553 1915 vestri
575 1849 760 1915 defensores
790 1850 903 1935 aliqua
934 1848 1165 1917 dilatoriamm
1191 1850 1415 1937 propositione
1447 1873 1506 1917 vos

450 1954 619 2040 unquam²
642 1957 807 2019 tueantur.
855 1951 954 2033 Quod
986 1958 1098 2019 sutem
1129 1953 1259 2019 obicitis
1290 1955 1421 2020 eosdem
1450 1975 1507 2019 ex·

449 2056 615 2143 oeptionee
644 2055 743 2121 fuisso
765 2054 871 2135 falsas,
904 2056 965 2121 hoa
987 2055 1078 2123 non⁸
1100 2078 1144 2121 ex
1176 2062 1287 2123 vestra
1319 2058 1505 2135 assertione,

449 2160 506 2225 sed
529 2182 571 2225 ex
593 2180 699 2226 oausae
722 2160 823 2237 exitu,
847 2180 891 2223 an
921 2180 999 2224 vore
1022 2158 1192 2236 obiciatur,
1216 2159 1335 2225 melina
1357 2181 1503 2247 eompro·

450 2261 604 2343 babitur;
626 2266 786 2348 praeterea
808 2262 872 2327 etsi
895 2268 1005 2329 essent
1027 2260 1149 2348 aliquio
1171 2261 1271 2339 falsae,
1287 2262 1377 2349 quod
1399 2262 1506 2328 adbuc

451 2385 519 2430 non
541 2364 647 2444 oredo,
682 2369 816 2451 possent
849 2370 963 2431 tamen
996 2363 1096 2429 fuisse
1118 2364 1280 2430 veraciter
1310 2366 1506 2452 propositoe3

450 2472 561 2555 potest
583 2466 671 2532 enim
694 2463 838 2532 humana
859 2466 1022 2553 fragilitas
1044 2466 1159 2553 decipi,
1175 2472 1211 2533 et
1232 2488 1307 2552 qnae
1327 2488 1408 2533 vera
1427 2473 1507 2534 sunt

450 2592 519 2637 non
552 2569 815 2658 improbabiliter
836 2568 919 2633 falsa
941 2570 1078 2666 credere,
1113 2575 1148 2635 et
1179 2592 1198 2635 e
1234 2570 1398 2635 contrario
1432 2580 1507 2655 qiioe

451 2673 533 2741 falsa
569 2679 657 2755 sunt,
695 2694 775 2739 vera
811 2671 1005 2759 plerumque
1035 2676 1210 2758 reputem
1244 2672 1354 2758 aioque
1388 2672 1506 2739 aooidit

450 2778 660 2863 quod'homo
683 2775 842 2841 veraciter
875 2778 910 2840 et
943 2773 1195 2859 inculpabiliter,
1219 2775 1296 2861 quia
1326 2797 1396 2841 non
1417 2796 1507 2841 men·

450 2878 583 2956 dooitar,
606 2884 717 2967 potest
740 2877 847 2943 dicere
866 2874 994 2954 falsum,
1012 2876 1232 2962 quandoque⁴
1253 2877 1457 2943 mendaciter
1471 2884 1505 2943 et

449 2980 656 3066 culpabiliter
693 2984 803 3065 potest
841 2980 948 3045 dioere
985 3000 1125 3057 veram3
1162 2980 1250 3064 quod
1287 2979 1393 3065 igitur
1430 2982 1504 3065 quis

448 3080 592 3146 salsum⁵
615 3082 705 3160 dioit,
720 3102 788 3145 non
809 3086 920 3167 potest
943 3081 974 3147 ei
997 3082 1083 3146 obici
1097 3080 1192 3147 velut
1212 3082 1426 3167 probrosum
1449 3082 1505 3147 sed

449 3205 523 3249 oum
554 3182 635 3249 dioit
667 3182 794 3261 falsum,
830 3183 920 3270 quod
954 3206 1030 3250 eum
1061 3205 1129 3250 non
1160 3183 1244 3249 latet
1276 3206 1344 3249 esse
1376 3181 1503 3261 falsum,

448 3286 509 3351 hoo
546 3289 596 3351 est
634 3285 796 3351 mendacii
842 3287 1038 3353 detestabile
1074 3285 1197 3351 vitium
1234 3285 1324 3371 qnod
1359 3287 1505 3351 animam

448 3388 576 3469 oceidit,
615 3388 791 3455 veritatem
828 3388 1025 3476 abnegando
1037 3414 1046 3469 ;
1083 3390 1188 3475 ipsam
1218 3389 1277 3474 qui
1314 3387 1383 3453 sio⁶
1421 3389 1503 3455 dicit

449 3490 625 3557 veritatem
662 3512 684 3555 a
717 3510 751 3555 so
789 3491 963 3577 propellit;
999 3512 1082 3579 ruga
1119 3490 1322 3577 duplicitatis
1360 3492 1504 3556 animam

449 3614 586 3659 vacuam
631 3615 652 3657 a
689 3592 855 3659 soliditate
893 3594 1047 3659 veritatis
1085 3592 1275 3659 deformiter
1312 3596 1482 3661 contrabit
1494 3620 1503 3675 3

450 3696 548 3785 primi
585 3695 770 3761 inventoria
813 3694 984 3778 mendacii,
1022 3694 1144 3761 dioboli
1188 3694 1312 3761 scilieet
1355 3696 1415 3782 qoi
1457 3706 1504 3764 eat

284 3797 600 3872 S.J0h.riii.owndas
622 3806 652 3863 et
674 3804 776 3886 poteo·
808 3798 880 3884 ejas
911 3804 942 3863 et
973 3799 1017 3864 ira
1048 3798 1189 3863 veritate
1219 3820 1293 3864 ooo
1325 3799 1424 3879 aazia,
1446 3822 1505 3885 per

285 3890 325 3935 ⁴⁴·
451 3902 671 3968 imitationem
709 3902 833 3988 prolem
867 3900 985 3988 gignit
1031 3900 1170 3987 Rogatis
1199 3900 1236 3965 in
1272 3901 1339 3967 fine
1371 3906 1412 3967 ut
1444 3924 1504 3989 pro

452 4007 523 4071 Deo
560 4010 595 4071 ot
633 4005 777 4071 scientiae
813 4026 895 4081 mese
929 4004 1079 4069 claritate
1109 4002 1303 4088 praedictum
1336 4004 1503 4071 redditum

451 4108 521 4173 sine
544 4106 752 4174 cavillatione
782 4113 817 4173 et
847 4106 1042 4173 difficultate
1067 4104 1177 4190 aliqua
1207 4104 1301 4170 vobis
1323 4104 1365 4171 de
1387 4112 1504 4172 caetero

451 4212 551 4278 velim
582 4208 728 4291 solvero;
762 4210 817 4277 aed
846 4232 914 4277 nou
944 4208 1078 4277 creditis
1109 4230 1162 4275 me
1194 4208 1332 4275 scientio
1357 4208 1503 4294 alarum3

487 4518 618 4585 'obicitia]
637 4516 768 4582 objecistis.
781 4515 834 4567 Sid.
1035 4513 1218 4581 ⁴qaandoqoe]
1246 4522 1271 4567 et
1299 4514 1374 4579 quod,
1402 4514 1503 4578 C.C.C.,

484 4599 551 4647 'vor
570 4598 688 4663 anquam]
707 4597 734 4647 in
752 4611 797 4647 vos
815 4610 950 4662 nunquam,
1002 4597 1052 4647 Ox.

453 4678 551 4739 (λθ-,θη
564 4678 612 4729 Ox.
1034 4675 1229 4743 ‘quasaoanj
1242 4676 1334 4727 falsam
1344 4676 1502 4741 aliquiasid.

485 4760 495 4787 ³
511 4757 601 4810 G.O.C.
613 4758 703 4808 inserta
713 4763 757 4807 eat.
1034 4758 1044 4786 ⁰
1060 4757 1110 4824 rie]
1128 4772 1164 4822 ss,
1175 4756 1272 4819 GQC„
1285 4757 1335 4811 01.
