3500 5784
656 859 834 910 srrsrcnn
1208 845 1273 917 :373

223 1037 422 1104 studiorum
457 1043 652 1117 vestrorvm,
688 1035 741 1103 att
770 1036 953 1104 Dominus.
999 1038 1041 1102 In
1079 1039 1130 1103 his
1163 1037 1271 1103 verbis
1284 1054 1391 1108 Thrae

223 1140 393 1205 evidenter
435 1138 621 1206 ostenditur
665 1162 717 1205 vae
756 1143 890 1206 aeternae
928 1140 1148 1206 damnationis
1189 1123 1421 1240 effu-⁸⁸⁸3&

224 1247 337 1306 turum
368 1263 463 1327 super
496 1247 640 1329 pastores
671 1263 815 1328 gregem,
836 1265 965 1329 pascuae
988 1243 1125 1308 Domini
1148 1243 1270 1329 disper·
1283 1204 1439 1334 dffl'o

222 1355 345 1430 gentes,
368 1343 589 1424 dilacerantes,
614 1349 648 1410 et
677 1344 851 1410 eicientes:
877 1351 912 1410 et
945 1344 1003 1432 qui
1025 1348 1094 1410 sint
1124 1350 1271 1431 pastores
1283 1326 1414 1440 ffiffi

223 1445 281 1531 qui
314 1468 446 1534 gregem
469 1447 604 1512 Domini
639 1445 840 1533 dispergrmt,
864 1447 1052 1524 dilacerant,
1078 1451 1113 1512 et
1138 1447 1269 1525 eiciunt,
1282 1455 1438 1509 ueirflocka

223 1552 335 1634 aperte
350 1547 588 1624 manifestatur,
603 1570 677 1614 cum
693 1547 854 1627 subditur,
870 1549 915 1616 Et
929 1571 1003 1615 aon
1017 1548 1184 1615 visitastis
1198 1571 1270 1628 eos;

223 1673 261 1715 ac
292 1651 321 1715 si
346 1651 516 1732 diceretur,
541 1651 590 1718 Eo
621 1648 735 1736 quod¹
760 1673 836 1716 oves
867 1675 935 1718 non
956 1652 1125 1729 visitastis,
1149 1652 1271 1739 disper·

224 1753 319 1832 sistis,
343 1740 550 1833 dilacersstis,
574 1757 609 1819 et
643 1752 783 1839 ejecistis
813 1774 874 1820 eas.
922 1753 1008 1820 Cum
1039 1755 1128 1819 enim
1160 1759 1273 1842 pastor

224 1875 300 1920 oves
322 1877 389 1920 non
411 1857 535 1936 visitat,
559 1856 640 1942 quid
661 1854 752 1920 aliud
774 1855 852 1921 facit
886 1879 985 1943 quam
1016 1879 1084 1922 nou
1106 1857 1272 1922 visitando

215 1954 282 2044 'per
303 1979 432 2046 campos
454 1959 594 2026 licentiae
618 1956 699 2023 sinit
721 1978 775 2022 ces
798 1962 939 2047 evagari,
964 1965 999 2024 et
1020 1959 1192 2046 evagando
1213 1981 1272 2046 per

225 2061 331 2126 varias
354 2062 540 2150 voluptates
562 2068 597 2128 et
612 2059 888 2146 concupiscentias
909 2063 947 2127 in
961 2063 1093 2148 regione
1107 2062 1272 2126 dissimili-

225 2165 351 2230 tudinis
378 2165 527 2253 dispergi,
551 2155 711 2253 dispersas
743 2187 872 2254 quoque
906 2189 926 2230 a
959 2166 1072 2232 bestiis
1094 2164 1271 2230 dilacerari.

225 2266 276 2332 De
309 2267 427 2353 quibus
457 2269 572 2333 bestiis
608 2269 737 2350 dicitur,
773 2269 824 2334 Nc
847 2267 966 2334 tradas
997 2265 1110 2333 bestiis
1131 2266 1272 2332 animas
1284 2288 1421 2340 Pelusii.

225 2369 415 2454 ccccjitealea
437 2368 502 2436 etti
525 2377 559 2436 et
581 2371 798 2440 dilaceratas²
821 2371 956 2437 tandem
977 2371 1015 2434 in
1037 2370 1189 2434 tenebras
1215 2393 1273 2435 ex·
1288 2359 1326 2406 ¹⁹·

226 2472 360 2536 teriores
381 2470 504 2558 proicit
559 2471 705 2540 Sinendo
719 2479 831 2540 autem
853 2471 924 2538 haec
944 2472 1032 2536 mala
1045 2493 1103 2558 per
1114 2470 1272 2536 visitandi

225 2575 432 2640 omissionem
466 2575 583 2640 ovibus
605 2578 758 2655 accidere,
786 2578 849 2641 rita
884 2575 1013 2651 dicitur,
1038 2573 1153 2639 eadem
1185 2573 1273 2638 mala

225 2677 350 2758 facere;
387 2677 660 2763 quemadmodum
697 2680 898 2768 gubernator
941 2678 1036 2741 navis
1073 2699 1141 2741 non
1184 2683 1272 2742 recte

225 2781 368 2868 dirigens
411 2782 666 2868 gubernaculum
711 2805 830 2848 navem
867 2780 989 2846 dicitur
1026 2783 1180 2857 evertere,
1215 2780 1273 2865 qui

226 2888 316 2949 recta
345 2883 558 2970 gubernaculi
582 2885 758 2952 directione
788 2887 898 2972 posset
934 2905 1006 2948 eam
1035 2883 1078 2947 ab
1108 2882 1274 2947 eversione

225 2987 372 3052 salvasse.
419 2985 505 3066 Quia
537 2987 640 3074 igitur
673 2988 742 3054 haec
774 2985 862 3068 mala
892 2988 1084 3072 perpetrant
1117 2989 1272 3071 pastores,

186 3077 189 3086 ’
225 3089 305 3154 dum
327 3109 404 3154 oves
418 3107 485 3152 non
507 3089 655 3170 visitant,
674 3089 767 3176 justo
778 3087 903 3175 judicio
926 3085 1077 3153 cicimbit
1098 3085 1422 3153 Dcme‘nuasemxiii.

225 3211 328 3278 super
357 3213 408 3257 eos
437 3189 614 3256 malitiam
643 3191 840 3258 studiorum
869 3211 1019 3255 suorum
1064 3189 1110 3255 Et
1132 3172 1306 3275 quorum2·

225 3294 410 3360 studiorum
442 3293 508 3356 nisi
544 3292 685 3374 illorum,
724 3313 863 3379 quorum
908 3290 1119 3378 occupatione
1163 3293 1273 3357 minus

225 3397 301 3466 utili
331 3420 351 3462 a
380 3395 581 3462 visitationis
603 3397 707 3463 officio
729 3396 814 3462 male
846 3400 974 3461 cessant
1000 3399 1035 3460 et
1056 3399 1276 3460 avertuntur?

227 3500 364 3564 Habent
397 3499 500 3584 igitur
530 3497 686 3584 pastores
706 3498 887 3563 maximam
925 3502 959 3562 et
995 3495 1275 3562 evidentissimam

226 3601 384 3667 visitandi
406 3599 640 3678 necessitatem,
664 3608 703 3667 ut
733 3613 803 3665 tam
834 3621 916 3686 grex
947 3620 1048 3685 quam
1079 3599 1142 3685 ipsi
1163 3599 1274 3665 vitent

226 3709 383 3770 aeternam
406 3702 657 3774 damnationem.
705 3703 767 3768 Per
788 3701 992 3768 Ezechielem
1018 3722 1148 3788 quoque
1169 3701 1377 3776 mani-Emi,

226 3806 324 3871 festat
346 3804 516 3882 Dominus,
540 3805 629 3891 quod
650 3805 790 3892 pastoris
814 3809 863 3870 est
886 3803 1029 3868 officium
1050 3824 1149 3890 pecus
1171 3792 1374 3909 infir-ff·

226 3931 325 3976 mum
350 3908 565 3988 cmtsole'dore,
596 3917 762 3994 agrotum
784 3929 918 3986 sanare,
937 3907 1095 3995 fractum
1120 3907 1274 3992 alligare,
1302 3897 1310 3921 '
1352 3896 1358 3909 ⁸

227 4012 388 4098 abjectum
405 4011 568 4089 rcduaceue,
585 4011 676 4098 quod
695 4011 802 4097 periit
817 4032 970 4098 quoercre,
993 4009 1126 4096 piraque
1140 4018 1170 4077 et
1185 4011 1276 4095 forte

227 4114 415 4194 cuatode’re;
449 4115 506 4180 sed
541 4116 703 4200 quomodo
734 4115 804 4180 haec
837 4117 950 4200 pastor
980 4113 1135 4179 distincte
1168 4113 1409 4191 faeieuspmor

227 4217 292 4282 nisi
314 4218 405 4303 prius
428 4217 486 4281 has
508 4237 660 4302 pecorum
676 4215 878 4282 differentias
901 4216 938 4280 in
960 4214 1128 4302 pecoribus
1150 4237 1208 4315 per
1223 4189 1433 4320 easffiffiydsso

228 4318 393 4384 distinctis
423 4322 602 4405 agnoscat?
649 4317 818 4398 Quomodo
855 4323 967 4384 autem
1011 4317 1070 4382 has
1123 4320 1404 4404 agnoscechisflook

228 4420 428 4486 aserenam
450 4421 486 4485 sn
508 4420 678 4508 pemeus
707 4419 872 4488 ascesis
894 4441 954 4508 per
984 4441 1047 4499 eas,
1078 4418 1143 4484 nm
1164 4388 1431 4521 visa-Q„

264 4672 270 4701 ¹
288 4667 330 4718 Eo
340 4667 416 4734 qvod]
435 4683 486 4730 eos,
498 4667 569 4718 'stin
812 4668 923 4734 'proicfl
942 4683 991 4718 om.
1015 4667 1088 4720 Tris.
1117 4667 1224 4729 C.C.C.;
1239 4669 1280 4721 in-

265 4749 276 4778 ²
291 4745 453 4815 dammas]
473 4747 644 4809 dilacersntcs,
655 4747 726 4800 Trin
777 4748 858 4798 serted
869 4745 897 4797 in
907 4747 958 4800 Ox.
969 4748 1005 4812 by
1016 4745 1165 4813 Guscoigue.
