3500 5784
496 833 563 901 sta
821 847 969 900 acnuam
991 847 1221 898 cnossmusrs

326 1034 409 1084 ’Μ
419 1031 480 1084 viu
492 1027 731 1108 rescribentem,
747 1027 832 1092 sicut
854 1025 1003 1108 deceret3
1020 1027 1117 1092 novit
1137 1025 1313 1093 seratam
1335 1023 1507 1093 cordium
1521 1031 1551 1092 at

324 1099 426 1232 {m
492 1151 617 1196 recum
639 1151 698 1196 nos
720 1129 819 1218 regiae
844 1129 1028 1216 majestatis
1055 1129 1219 1209 honorem,
1241 1129 1411 1208 virtutem,
1435 1135 1551 1217 potes-

327 1234 427 1286 πίω
457 1301 463 1314 ,
491 1237 604 1312 tatem,
621 1237 655 1298 et
669 1231 842 1320 imperium
865 1231 1039 1299 affectuose
1068 1231 1316 1312 desiderare-et
1337 1255 1400 1320 pro
1422 1231 1549 1296 horum

327 1301 479 1420 ffiss'
490 1334 766 1420 augmentatione,
812 1335 1099 1413 consummatione,
1134 1341 1169 1400 et
1212 1335 1464 1400 conservatione
1512 1333 1547 1397 in

327 1435 369 1486 ΗΘ
379 1435 457 1552 mk
491 1437 693 1502 cretionibus
707 1435 829 1503 nostris
846 1437 986 1524 privatis
1000 1441 1035 1502 et
1056 1437 1195 1524 publicis
1209 1438 1318 1502 Deum
1331 1459 1392 1524 pro
1407 1435 1548 1501 modulo

326 1509 414 1620 m„
491 1545 603 1605 nostro
637 1539 755 1606 devote
788 1538 975 1627 deprecari3
1017 1539 1106 1626 quod
1142 1561 1217 1606 oum
1247 1539 1300 1620 sit,
1332 1561 1400 1605 non
1429 1544 1548 1626 posset

325 1634 449 1770 :ffly’
493 1663 560 1708 esse
583 1642 671 1760 quod
692 1642 815 1730 regiam
837 1641 1044 1758 dignitatem,
1066 1643 1149 1708 circa
1179 1664 1278 1758 quam
1301 1641 1348 1708 sio
1369 1641 1540 1718 afficimur,

326 1719 448 1820 octiduo
493 1749 528 1810 et
549 1766 602 1810 ou1
625 1752 724 1811 stram
746 1745 790 1811 sd
811 1744 1006 1810 fidcl1tatem
1027 1749 1187 1823 tenemur,
1202 1751 1342 1811 solenter
1364 1749 1399 1809 et
1420 1744 1545 1808 volun-

325 1835 480 1967 ffiffind
493 1847 585 1928 toris,
609 1869 667 1914 seu
689 1847 860 1914 scribendo
882 1869 941 1914 seu
962 1847 1061 1912 modo
1082 1847 1159 1928 alio,
1181 1847 1339 1913 vellemus
1367 1845 1544 1922 offendere,

327 1969 448 2033 promises
493 1971 567 2015 cum
589 1947 696 2016 lsorwr
717 1949 807 2038 rupis
823 1948 1005 2036 jttdicisoo
1019 1948 1170 2035 dilipeos
1198 1949 1321 2015 offendi
1344 1971 1413 2014 non
1433 1949 1545 2035 possit

327 2036 427 2153 ἓξὲξ·
493 2051 559 2116 nisi
596 2051 777 2138 injustitiis
823 2051 1036 2118 Revolvimus
1065 2057 1178 2118 cutem
1207 2051 1383 2139 diligenter
1403 2052 1440 2116 in
1474 2074 1544 2117 me·

326 2184 423 2236 pm„
443 2153 599 2238 mmoris
620 2159 733 2220 nostra
762 2176 836 2242 quae
866 2155 909 2220 ad
938 2155 1097 2221 mandata
1119 2159 1231 2220 vestra
1252 2160 1374 2220 vcstrre
1402 2155 1543 2242 rescrip

325 2269 366 2319 Ρι.
379 2269 464 2319 xcviii.
494 2257 595 2322 simus
617 2257 843 2337 excellentiae3
865 2263 901 2323 et
921 2279 990 2323 non
1004 2257 1145 2324 occurrit
1165 2257 1260 2323 nobis
1280 2279 1341 2322 nos
1362 2257 1542 2343 quicquam

324 2341 349 2386 ⁴·
493 2359 658 2446 scripsisse
694 2359 821 2441 falsum,
859 2365 919 2427 aut
955 2382 1070 2426 verum
1115 2381 1182 2425 non
1226 2358 1442 2440 scribendum,
1482 2365 1543 2424 ant

492 2481 608 2526 verum
642 2461 850 2528 scribendum
880 2467 941 2527 aut
969 2461 1195 2528 alteriusmodi
1223 2461 1406 2527 orationem
1440 2463 1541 2526 modo

492 2563 556 2629 alio
579 2563 742 2652 scripsisse
764 2587 862 2650 quam
885 2565 1015 2644 decuit3
1045 2564 1223 2651 inquibus
1252 2563 1361 2629 tribus
1382 2569 1434 2629 est
1464 2565 1543 2631 scri-

492 2665 573 2732 bens
596 2667 713 2733 merito
736 2667 1045 2754 reprehendendus3
1068 2667 1147 2732 licet
1167 2667 1253 2744 forte
1267 2688 1326 2752 per
1339 2667 1540 2752 imperitiam

492 2775 639 2835 nostram
668 2791 735 2836 non
764 2771 813 2836 ita
842 2769 1004 2836 rhetorice
1033 2770 1254 2856 scripserimus
1275 2773 1315 2833 ut
1344 2790 1403 2855 pro
1433 2771 1540 2855 quali-

491 2877 562 2937 tate
592 2873 739 2939 materiae
770 2872 958 2960 eloquentia
986 2872 1149 2939 rhetorica
1178 2871 1376 2959 requireret;
1406 2872 1444 2937 in
1474 2894 1540 2960 quo

491 2975 663 3041 scribentis
700 2975 867 3062 imperitia
904 2975 1011 3041 solum
1048 2981 1099 3041 est
1143 2973 1245 3062 digno
1286 2974 1540 3062 reprehensione

491 3077 688 3144 scholastica
751 3078 816 3144 Sed
854 3079 898 3144 ad
934 3079 1060 3166 regiam
1097 3077 1305 3144 clementiam
1344 3099 1414 3143 ncn
1450 3099 1539 3144 nunc

490 3181 618 3267 agimus
640 3203 700 3247 nos
722 3180 817 3246 velut
841 3179 1066 3267 justificando,
1089 3180 1146 3246 sed
1176 3180 1246 3266 ejus
1274 3179 1537 3245 benevolentiam

491 3305 616 3349 summo
646 3283 809 3349 desiderio
839 3284 1022 3372 captand03
1060 3281 1281 3370 supplicantes
1317 3281 1538 3363 devotissime,

489 3385 646 3471 quatinus
675 3385 704 3450 si
725 3383 779 3451 vel
800 3385 971 3452 scribendo
992 3385 1047 3450 vel
1076 3385 1173 3452 aliter
1200 3407 1273 3450 eam
1296 3384 1539 3467 offenderimus,

490 3489 647 3553 ostensam
684 3487 781 3554 nobis
818 3488 995 3554 clementer
1031 3487 1205 3568 remittat3
1242 3488 1424 3574 paresertim
1462 3511 1536 3554 oum

490 3590 598 3676 parati
620 3590 722 3656 simus
752 3590 795 3656 ad
822 3591 892 3677 ejus
922 3591 1103 3657 clementie
1131 3589 1382 3676 beneplacitum,
1405 3612 1535 3656 omnem

489 3715 567 3780 erga
589 3715 661 3758 eam
684 3715 851 3759 excessum
873 3693 1033 3781 corrigere
1062 3699 1097 3758 et
1119 3691 1291 3759 emendare
1319 3694 1356 3758 in
1387 3694 1537 3780 proxima

490 3817 589 3881 quam
627 3794 777 3861 habituri
814 3818 927 3862 sumus
965 3819 1039 3862 cum
1076 3817 1116 3861 ea
1152 3795 1376 3861 collocutione.
1437 3795 1537 3861 Unde

489 3919 589 3984 quam
626 3921 803 3986 possumus,
854 3898 972 3964 humili
1012 3905 1047 3965 et
1087 3898 1208 3964 devota
1247 3919 1401 3984 rogamus
1440 3899 1535 3963 affec-

490 4001 589 4080 tione,
613 4001 772 4088 quatinus
802 4006 837 4066 et
865 4001 927 4067 hoc
956 4005 992 4067 et
1021 4001 1087 4066 alia
1114 3999 1250 4087 negotia
1276 4007 1397 4078 nostra,
1427 4023 1536 4066 corum

490 4104 581 4191 rogia
610 4103 786 4170 serenitate
823 4103 1006 4181 tractanda,
1038 4102 1198 4169 benevole
1226 4125 1347 4190 ponere
1379 4103 1538 4190 dignetur

490 4207 581 4294 regia
602 4205 847 4294 magnificentia
869 4206 906 4270 in
927 4211 1119 4292 respectum,
1144 4205 1248 4272 donec
1269 4229 1344 4272 cum
1374 4229 1413 4271 ea
1433 4205 1537 4271 habu-

490 4309 611 4374 erimus
634 4307 840 4395 colloquium.
886 4307 1061 4394 Speremus
1090 4307 1178 4373 enim
1209 4307 1296 4394 quod
1326 4310 1416 4396 regia
1444 4331 1536 4396 mag-

490 4411 667 4490 nificentia,
703 4433 777 4498 quae
807 4409 918 4476 omnia
954 4409 1029 4475 vult
1065 4409 1165 4497 dirigi
1201 4410 1245 4476 ad
1278 4410 1341 4476 Dei
1370 4409 1535 4491 honorem,

490 4513 674 4578 animarum
733 4513 883 4594 salutem,
942 4518 978 4578 et
1033 4512 1282 4578 ecclesiasticam
1338 4511 1536 4593 libertatem,

489 4619 665 4701 nostr-aque
694 4615 850 4702 parvitas,
882 4636 957 4702 quse
987 4615 1099 4681 eadem
1129 4619 1165 4681 et
1193 4635 1262 4679 non
1298 4615 1372 4695 alia,
1402 4615 1536 4681 favente

491 4717 643 4799 Domino,
665 4717 794 4805 querit,
824 4715 920 4782 brevi
941 4716 1103 4785 benevola
1125 4721 1160 4783 et
1189 4715 1334 4803 benigna
1361 4715 1536 4783 collatione
