3500 5784
440 835 505 898 180
766 849 912 898 nonnam
936 847 1164 912 onossmrsrs

438 1019 594 1086 lizabitnr
615 1022 652 1086 in
666 1021 714 1086 eis
728 1020 832 1107 plebis
852 1020 1042 1098 multitudo,
1065 1020 1209 1086 clamem
1231 1019 1304 1085 auri
1327 1017 1487 1105 fulgorem

272 1130 351 1182 lsai.
364 1136 404 1182 22·
439 1145 574 1190 versum
602 1145 667 1188 cecc
698 1122 742 1188 io
779 1123 934 1189 scoriam.
995 1122 1078 1203 Quae
1109 1123 1138 1188 si
1172 1121 1365 1200 acciderent,
1401 1119 1487 1206 quod

439 1225 533 1304 absit,
557 1223 767 1291 manifestum
791 1230 841 1291 est
865 1225 954 1311 quod
978 1223 1012 1290 in
1040 1225 1173 1291 ecclesia
1200 1223 1263 1290 Dei
1286 1227 1488 1290 recurrerent

439 1327 722 1395 abominationum
759 1327 879 1405 sordes,
919 1349 993 1413 quae
1040 1349 1099 1414 per
1145 1327 1306 1392 ‹lictorum
1347 1325 1487 1392 fratrum

439 1429 634 1496 catholicam
658 1429 925 1517 pmdiationam
948 1435 984 1495 et
1005 1430 1204 1496 eminentem
1226 1428 1488 1497 mundissimam·

440 1555 504 1621 que
540 1533 820 1600 conversationem
851 1532 923 1618 jam
970 1531 1103 1598 fuerant
1148 1537 1348 1620 expurgata,
1393 1531 1489 1596 nnita

439 1633 568 1702 rursus¹
604 1634 838 1713 dividerentur,
877 1637 1039 1700 nutarent
1061 1634 1169 1712 fortia,
1210 1641 1245 1701 et
1282 1633 1489 1700 fuscarentur

441 1740 566 1805 decora.
612 1738 664 1804 Ut
692 1751 805 1804 autem
832 1741 952 1804 vestrm
976 1735 1165 1803 sanctitatis
1192 1736 1282 1802 zelus
1307 1736 1412 1802 tantis
1434 1735 1489 1801 ob-

441 1847 508 1908 stet
529 1840 690 1906 malorum
711 1839 815 1920 vitiis,
836 1861 906 1904 non
928 1860 1009 1926 opus
1043 1845 1094 1904 est
1123 1839 1309 1905 rationibus
1330 1837 1384 1904 vel
1415 1859 1490 1903 auc·

440 1942 633 2010 toritatibus
655 1941 800 2022 suadere,
827 1941 905 2008 licet
931 1949 998 2006 no'n
1019 1939 1124 2028 possit
1146 1939 1321 2007 condolens
1352 1939 1489 2004 affectus

441 2067 501 2134 pro
533 2043 695 2110 obstando
724 2041 845 2108 eisdem
877 2041 972 2108 malis
1009 2063 1077 2107 non
1112 2064 1268 2124 exorare3
1301 2041 1370 2129 ipse
1400 2041 1488 2106 enim

442 2147 531 2214 zelus
564 2169 598 2214 se
635 2147 744 2234 ipsum
781 2145 916 2226 excitat,
943 2145 1101 2223 stimulat,
1131 2143 1295 2232 propellit,
1319 2150 1353 2210 et
1390 2143 1490 2230 erigit

442 2249 628 2315 invincibili
658 2248 771 2334 vigore
802 2253 918 2313 contra
947 2269 1077 2313 omnem
1114 2247 1390 2312 machinationem
1420 2267 1491 2311 ver·

442 2356 575 2438 gentem
606 2349 643 2414 in
676 2349 842 2436 puritatis,
876 2348 1026 2426 unitatis,
1058 2348 1279 2426 firmitudinis,
1304 2353 1338 2414 et
1368 2347 1491 2414 decoris

443 2453 559 2519 domus
593 2451 658 2516 Dei
689 2450 943 2517 demolitionem.
1001 2450 1079 2515 Non
1109 2451 1238 2538 expetit
1269 2450 1373 2538 igitur
1403 2451 1491 2517 zelus

276 2563 334 2614 'Phe
349 2563 431 2616 excel-
444 2560 560 2622 tantus
590 2554 657 2620 nisi
693 2553 773 2618 mali
810 2553 1014 2619 imminentis
1052 2551 1273 2620 eversionem²
1319 2553 1416 2634 Quod
1452 2559 1492 2618 ut

276 2630 417 2747 1,ῗῶῗέ
446 2658 632 2727 evidentius
654 2657 690 2721 in
712 2677 771 2723 suo
793 2657 956 2723 contrario
978 2655 1202 2743 perspiciatur,
1218 2656 1301 2722 sciat
1324 2678 1382 2743 pro
1405 2660 1492 2721 certo

275 2763 434 2818 annatim
446 2761 604 2828 sanctitas
627 2763 738 2826 vestra
760 2759 847 2845 quod
869 2759 957 2846 apud
980 2763 1142 2824 nostrates
1168 2781 1226 2847 per
1252 2758 1493 2824 dictos-fratres

446 2861 693 2931 inestimabilia
724 2861 924 2949 perveniunt
956 2861 1051 2927 bona
1097 2861 1296 2927 illuminant
1329 2862 1419 2928 enim
1445 2865 1494 2926 to-

444 2975 516 3034 tam
546 2971 694 3032 nostram
726 2963 893 3051 regionem
915 2963 1071 3050 praeclara
1099 2963 1171 3029 luce
1194 2962 1438 3050 pradicationis
1460 2969 1495 3029 et

445 3069 610 3137 doctrinm
656 3067 725 3132 Sua
750 3066 957 3132 sanctissima
979 3066 1181 3132 conversatio
1210 3066 1423 3132 vehementer
1443 3089 1493 3132 ac-

445 3171 559 3240 cendit
587 3169 631 3236 ad
660 3168 777 3234 mundi
799 3173 1029 3255 contemptum
1058 3174 1093 3234 et
1116 3173 1332 3256 spontaneam
1358 3191 1495 3257 pauper-

446 3281 558 3353 tatem,
592 3271 636 3337 ad
666 3269 892 3336 humilitatem
924 3270 1100 3336 tenendam
1134 3271 1235 3336 etiam
1266 3271 1303 3336 in
1332 3271 1494 3358 dignitate

446 3383 481 3443 et
501 3378 675 3463 potestate,
706 3371 749 3438 ad
777 3371 1000 3459 praetendam
1023 3373 1244 3438 omnimodam
1274 3373 1492 3439 obedientiam

446 3477 592 3566 praelatis
623 3481 658 3542 et
689 3474 791 3562 capiti
821 3474 972 3554 ecclesiae,
996 3475 1039 3541 ad
1069 3474 1266 3562 patientiam
1298 3476 1334 3540 in
1359 3476 1495 3541 tribula-

446 3581 545 3660 tione,
567 3579 612 3644 ad
640 3577 878 3644 abstinentiam
904 3578 939 3642 in
969 3577 1183 3658 abundantia,
1207 3583 1242 3644 et
1264 3583 1305 3643 ut
1326 3579 1369 3645 ad
1391 3601 1493 3644 unum

447 3683 562 3762 dicam,
585 3679 629 3746 ad
650 3681 798 3746 omnium
819 3680 986 3746 virtutum
1017 3701 1121 3768 opera
1169 3679 1248 3746 Osi
1273 3678 1404 3746 videret
1425 3704 1495 3748 ves·

446 3791 501 3851 tra
519 3783 676 3851 sanctitas
696 3805 795 3870 quam
815 3782 935 3847 devote
958 3788 993 3847 et
1010 3781 1180 3848 humiliter
1197 3783 1338 3848 accmrit
1356 3784 1495 3871 populus

447 3892 488 3954 ut
509 3885 625 3953 audiat
646 3885 689 3950 ab
711 3885 778 3950 illis
800 3883 940 3950 verbum
962 3885 1052 3966 vitae,
1076 3890 1114 3950 ut
1137 3885 1334 3950 confiteatur
1355 3891 1493 3972 peccata,

447 3995 487 4056 ut
508 3989 695 4055 instruetur
715 3987 770 4053 in⁸
791 3987 915 4074 regulis
936 3986 1018 4054 vitae
1040 3987 1186 4074 agendae,
1206 3993 1430 4076 quantumque
1453 4011 1495 4054 ex

448 4114 559 4159 eorum
588 4089 776 4156 imitatione
809 4088 993 4175 profectum
1025 4090 1168 4177 sirscepit
1189 4090 1292 4155 clerus
1315 4096 1349 4156 et
1371 4091 1495 4178 religio,

279 4199 410 4255 Isaiae.
448 4196 571 4263 diceret
596 4192 741 4280 profecto
763 4191 852 4279 quod
881 4191 1115 4280 babitantibus
1135 4190 1179 4258 iae
1207 4191 1342 4278 topicae
1368 4193 1495 4260 unm

447 4296 569 4365 nwrtis
591 4295 653 4362 bae
674 4300 750 4362 crta
770 4299 817 4360 cst
840 4292 918 4361 cia!
962 4291 1154 4360 Providebit
1183 4294 1286 4382 igitur
1309 4296 1496 4362 sanctitatis

484 4641 491 4674 ¹
508 4641 607 4709 mm]
625 4641 705 4704 rimis,
721 4639 882 4702 c.cc,02
1030 4653 1040 4683 ι
1057 4653 1097 4720 ia]
1115 4653 1224 4706 mog,

482 4723 493 4752 ¹
508 4721 663 4789 emtionem]
682 4720 858 4783 οιίωιίοηω,
870 4719 921 4770 Ox.
