3500 5784
460 865 523 932 194
778 875 926 930 nossnrr
946 875 1174 930 onommnsrn

457 1059 627 1119 carantena
673 1047 758 1135 Quia
779 1055 892 1140 itaque
912 1075 1080 1140 speramus
1096 1059 1240 1120 vestram
1262 1056 1499 1142 promotionem

457 1177 524 1220 non
546 1157 665 1222 mentis
687 1157 826 1222 elatione
848 1162 1012 1222 mortuam
1032 1163 1067 1222 et
1088 1153 1280 1244 depressam,
1296 1157 1352 1222 sed
1366 1157 1501 1243 spiritus

457 1259 668 1324 contribulati
704 1259 939 1340 humiliatione,
973 1265 1013 1324 ut
1049 1259 1201 1339 diximus,
1239 1261 1360 1338 vivam,
1393 1264 1428 1324 et
1465 1259 1501 1323 in

457 1361 598 1427 caelestia
634 1367 793 1442 erectam3
830 1363 899 1427 sola
935 1362 1024 1427 enim
1060 1361 1258 1427 humilitatis
1294 1359 1500 1450 profunditas

457 1463 540 1529 miro
564 1465 661 1530 modo
684 1469 734 1528 est
756 1464 871 1530 caelum
894 1465 1062 1551 attingens
1090 1464 1298 1545 sublimitas;
1329 1464 1370 1529 de
1391 1469 1501 1528 vestra

457 1567 660 1653 promotione
683 1566 862 1652 gaudemus
883 1567 921 1630 in
943 1565 1084 1631 Domino
1099 1570 1134 1630 et
1147 1563 1259 1632 laudes
1274 1566 1304 1632 ei
1318 1566 1502 1645 referimus;

458 1673 493 1732 et
527 1668 605 1755 quia
641 1668 676 1732 in
710 1669 775 1734 fine
809 1667 980 1732 literarum
1014 1672 1197 1733 vestrarum
1234 1668 1370 1733 dedistis
1406 1668 1503 1732 nobis

458 1771 626 1836 audaciam
650 1771 850 1836 confidenter
872 1770 1005 1856 petendi
1027 1793 1048 1835 a
1069 1770 1164 1835 vobis
1187 1792 1260 1856 quse
1282 1775 1394 1835 nostro
1416 1791 1502 1834 com·

458 1872 589 1959 placent
623 1873 792 1954 desiderio,
815 1871 1012 1938 fiducialiter
1043 1894 1195 1958 rogamus
1228 1879 1371 1938 vestram
1403 1870 1502 1936 dilee-

458 1973 619 2040 tissimam
657 1975 893 2061 paternitatem
931 1975 1087 2059 quatinus
1129 1975 1270 2061 negotiis
1309 1974 1429 2039 nostris
1465 1973 1501 2037 in

457 2077 548 2143 curia
584 2075 804 2163 expediendis,
842 2078 999 2162 quatinus
1039 2077 1222 2142 fulciuntur
1257 2077 1430 2142 honestate
1468 2087 1502 2140 et

453 2177 595 2264 justitia,
619 2179 772 2258 favorem,
795 2179 1022 2244 consiliumet
1044 2179 1205 2244 auxilium
1227 2178 1324 2245 solito
1352 2177 1501 2264 benigni·

457 2281 537 2346 tatis
560 2302 648 2346 more
671 2281 783 2346 velitis
805 2279 999 2367 impendere

289 2386 444 2504 {zambrim
503 2383 666 2450 Caeterum
688 2384 826 2470 rogastis
848 2405 909 2448 nos
930 2388 970 2448 ut
990 2383 1149 2448 vicarium
1171 2385 1212 2449 de
1234 2383 1384 2449 Makesia
1404 2383 1501 2447 licen-

290 2457 411 2584 &ssssss
457 2484 614 2550 tiaremus
651 2485 693 2550 ad
731 2485 885 2551 standum
922 2485 959 2550 in
996 2491 1107 2552 vestro
1144 2487 1287 2567 servitio,
1326 2486 1502 2550 dummodo

290 2585 576 2703 puerascere
599 2584 728 2653 vicamae
762 2609 830 2653 suae
862 2584 998 2652 alterius
1029 2584 1205 2654 sacerdotis
1237 2587 1419 2653 ministerio
1450 2587 1504 2652 de-

290 2663 445 2788 wssffiy
459 2689 574 2754 serviri
586 2713 594 2770 ;
628 2689 716 2775 quod
737 2690 913 2776 hucusque,
935 2689 1012 2755 licet
1043 2713 1117 2756 cum
1144 2689 1276 2778 trepida
1298 2689 1503 2769 conscientia,

289 2787 424 2868 theuru-
458 2793 598 2879 benigne
620 2791 845 2879 permisimus:
886 2792 1024 2879 etquis
1044 2789 1081 2857 in
1110 2791 1297 2879 hujusmodi
1319 2815 1360 2858 ex
1383 2793 1503 2858 mentis

289 2853 578 2973 ffiffffubmostrae
610 2893 882 2981 pusillanimitate
913 2898 946 2960 et
978 2897 1151 2982 potestatis
1181 2901 1303 2961 nostrae
1340 2896 1504 2982 parvitate

288 2988 446 3105 ffiffiffe
458 2995 568 3061 timidi
591 3018 710 3076 sumus,
735 3001 860 3084 quanta
890 3019 1062 3084 possumus
1093 2995 1273 3080 affectione,
1307 3001 1425 3062 vestrae
1448 3019 1504 3082 pa

289 3119 436 3172 nesroch
457 3097 624 3164 ternitatis
656 3099 885 3164 discretionem
918 3120 1078 3186 rogamus,
1106 3101 1264 3186 quatinus
1293 3101 1433 3188 ipsamet
1463 3097 1504 3164 de

289 3191 429 3302 ΨΜ)
457 3205 574 3267 caetero
598 3219 697 3288 quam
719 3199 809 3266 Deus
832 3223 892 3266 sua
914 3199 1088 3267 clementia
1108 3201 1144 3266 in
1166 3202 1305 3288 pleniori
1331 3200 1504 3267 constituit

290 3267 433 3373 dilalal‘m-
457 3309 619 3390 potestate
658 3307 692 3368 ot
728 3299 845 3389 majori
881 3304 1089 3369 conscientiae
1126 3301 1308 3382 securitate,
1346 3302 1383 3368 in
1416 3303 1505 3367 dicta

290 3389 344 3438 “m
456 3404 679 3472 licentiatione
702 3411 736 3470 et
758 3401 981 3471 consimilibus
1004 3404 1131 3472 ordinet
1154 3411 1188 3472 et
1211 3407 1363 3494 disponat
1393 3426 1504 3470 secun-

457 3505 537 3572 dum
560 3507 647 3594 quod
669 3507 799 3572 noverit
813 3507 855 3572 ad
871 3503 936 3572 Dei
957 3505 1114 3574 honorem
1135 3509 1247 3573 cedere
1265 3515 1300 3574 et
1320 3507 1504 3572 animarum

456 3606 556 3676 saluti
580 3606 732 3697 expedire
744 3635 752 3690 ;
783 3631 857 3696 quae
880 3610 945 3676 duo
968 3615 1071 3676 tantae
1098 3611 1273 3698 dignitatis
1295 3610 1504 3676 sanctitatem

455 3734 524 3778 non
561 3709 793 3799 ambigendum
824 3717 874 3778 est
913 3713 1064 3778 omnibus
1097 3710 1295 3779 transitoriis
1329 3713 1506 3780 commodis

455 3811 756 3902 incomparabiliter
778 3815 949 3902 praeferre;
980 3820 1198 3881 veruntamen
1220 3815 1308 3902 quod
1329 3817 1371 3881 de
1393 3813 1505 3900 hujus-

457 3917 546 3982 modi
583 3919 620 3982 in
657 3917 787 3984 dioecesi
824 3920 937 3983 nostra
974 3917 1184 3998 ordinaverit,
1223 3917 1372 4005 exemplo
1417 3917 1506 3983 beati

460 4017 617 4106 Gregorii,
653 4018 747 4086 nobis
778 4017 860 4085 velit
898 4019 1071 4086 insinuare.
1126 4019 1180 4085 Ad
1212 4019 1281 4086 haec
1319 4020 1398 4106 quia
1431 4042 1506 4085 cum

293 4126 428 4180 Pelxviit
460 4117 636 4187 Peumata
657 4119 787 4187 dicitis:
823 4119 924 4188 Zetus
953 4121 1074 4188 domm
1104 4129 1171 4188 tuoe
1201 4121 1343 4188 omaodit
1371 4141 1448 4201 οπο,-
1471 4126 1506 4187 et

293 4199 335 4312 ll&
346 4277 408 4313 xxv.
425 4267 449 4313 3·
461 4225 601 4290 iterum:
626 4223 785 4305 Domine,
809 4219 917 4290 dilexi
932 4222 1081 4290 mrem
1106 4223 1229 4290 winus
1251 4233 1319 4292 tuoe
1341 4231 1371 4290 ct
1394 4223 1506 4289 locum

459 4320 681 4393 dubitationis
701 4323 821 4412 plurius
843 4333 911 4392 tuae
921 4351 936 4407 ;
958 4348 1058 4413 quam
1073 4350 1151 4393 vera
1172 4327 1217 4392 sit
1233 4325 1506 4393 Psalmodizantis

294 4425 439 4513 merea·
460 4429 598 4511 affectio
619 4427 773 4514 probabit
795 4429 935 4494 ecclesiae
950 4435 1069 4496 vestrae
1091 4429 1133 4496 de
1155 4429 1278 4512 Oastre,
1295 4453 1370 4497 cum
1391 4448 1508 4518 oppor-

294 4503 443 4620 {ffiffssh
461 4532 588 4596 tunitas
621 4531 804 4610 occurrerit,
831 4531 1008 4596 adornatus
1041 4538 1077 4597 et
1106 4533 1276 4621 reparatio.
1322 4531 1442 4598 Valeat
1470 4532 1506 4596 in

296 4633 326 4685 or
334 4632 422 4688 cour
463 4633 606 4702 Domino
628 4637 742 4701 mnata
762 4633 947 4722 paternitas
964 4639 1081 4702 vestra
