<?xml version="1.0" encoding="UTF-8"?>
<!DOCTYPE html PUBLIC "-//W3C//DTD XHTML 1.0 Transitional//EN"
    "http://www.w3.org/TR/xhtml1/DTD/xhtml1-transitional.dtd">
<html xmlns="http://www.w3.org/1999/xhtml" xml:lang="en" lang="en">
 <head>
  <title>
</title>
<meta http-equiv="Content-Type" content="text/html;charset=utf-8" />
  <meta name='ocr-system' content='tesseract 3.04.00' />
  <meta name='ocr-capabilities' content='ocr_page ocr_carea ocr_par ocr_line ocrx_word'/>
</head>
<body>
  <div class='ocr_page' id='page_1' title='image "./robertigrossete00luargoog_0163.png"; bbox 0 0 3500 5784; ppageno 0'>
   <div class='ocr_carea' id='block_1_1' title="bbox 463 862 1194 929">
    <p class='ocr_par' dir='ltr' id='par_1_1' title="bbox 463 862 1194 929">
     <span class='ocr_line' id='line_1_1' title="bbox 463 862 1194 929; baseline 0.003 -2"><span class='ocrx_word' id='word_1_1' title='bbox 463 862 506 927; x_wconf 77' lang='lat'><strong>20</strong></span> <span class='ocrx_word' id='word_1_2' title='bbox 791 876 941 928; x_wconf 80' lang='lat' dir='ltr'><strong>nonnam</strong></span> <span class='ocrx_word' id='word_1_3' title='bbox 963 876 1194 929; x_wconf 78' lang='lat' dir='ltr'><strong>oaosssrssrn</strong></span> 
     </span>
    </p>
   </div>
   <div class='ocr_carea' id='block_1_2' title="bbox 462 1054 1526 1143">
    <p class='ocr_par' dir='ltr' id='par_1_2' title="bbox 462 1054 1526 1143">
     <span class='ocr_line' id='line_1_2' title="bbox 462 1054 1526 1143; baseline 0.003 -23"><span class='ocrx_word' id='word_1_4' title='bbox 462 1056 593 1135; x_wconf 85' lang='lat' dir='ltr'><strong>minem,</strong></span> <span class='ocrx_word' id='word_1_5' title='bbox 628 1077 701 1121; x_wconf 89' lang='lat' dir='ltr'><strong>vere</strong></span> <span class='ocrx_word' id='word_1_6' title='bbox 724 1061 758 1123; x_wconf 89' lang='lat' dir='ltr'><strong>et</strong></span> <span class='ocrx_word' id='word_1_7' title='bbox 778 1055 969 1143; x_wconf 79' lang='lat' dir='ltr'><strong>simpliciter</strong></span> <span class='ocrx_word' id='word_1_8' title='bbox 998 1054 1069 1121; x_wconf 88' lang='lat' dir='ltr'><strong>est¹</strong></span> <span class='ocrx_word' id='word_1_9' title='bbox 1104 1061 1140 1123; x_wconf 89' lang='lat' dir='ltr'><strong>et</strong></span> <span class='ocrx_word' id='word_1_10' title='bbox 1172 1056 1259 1123; x_wconf 85' lang='lat' dir='ltr'><strong>vivit</strong></span> <span class='ocrx_word' id='word_1_11' title='bbox 1291 1054 1399 1123; x_wconf 84' lang='lat' dir='ltr'><strong>homo.</strong></span> <span class='ocrx_word' id='word_1_12' title='bbox 1452 1054 1526 1123; x_wconf 87' lang='lat' dir='ltr'><strong>Sed·</strong></span> 
     </span>
    </p>
   </div>
   <div class='ocr_carea' id='block_1_3' title="bbox 365 1158 1517 1246">
    <p class='ocr_par' dir='ltr' id='par_1_3' title="bbox 365 1158 1517 1246">
     <span class='ocr_line' id='line_1_3' title="bbox 365 1158 1517 1246; baseline 0 -23"><span class='ocrx_word' id='word_1_13' title='bbox 365 1160 374 1177; x_wconf 91' lang='lat'><em>&#39;</em></span> <span class='ocrx_word' id='word_1_14' title='bbox 463 1158 641 1224; x_wconf 85' lang='lat' dir='ltr'><strong>seeundum</strong></span> <span class='ocrx_word' id='word_1_15' title='bbox 671 1158 861 1225; x_wconf 82' lang='lat' dir='ltr'><strong>interiorem</strong></span> <span class='ocrx_word' id='word_1_16' title='bbox 890 1159 1057 1225; x_wconf 89' lang='lat' dir='ltr'><strong>hominem</strong></span> <span class='ocrx_word' id='word_1_17' title='bbox 1093 1180 1302 1246; x_wconf 85' lang='lat' dir='ltr'><strong>nequaquam</strong></span> <span class='ocrx_word' id='word_1_18' title='bbox 1335 1163 1445 1246; x_wconf 89' lang='lat' dir='ltr'><strong>potest</strong></span> <span class='ocrx_word' id='word_1_19' title='bbox 1474 1159 1517 1224; x_wconf 88' lang='lat' dir='ltr'><strong>ad</strong></span> 
     </span>
    </p>
   </div>
   <div class='ocr_carea' id='block_1_4' title="bbox 458 1261 1518 4308">
    <p class='ocr_par' dir='ltr' id='par_1_4' title="bbox 458 1261 1518 4308">
     <span class='ocr_line' id='line_1_4' title="bbox 464 1261 1517 1349; baseline -0.001 -22"><span class='ocrx_word' id='word_1_20' title='bbox 464 1262 605 1327; x_wconf 83' lang='lat' dir='ltr'><strong>invicem</strong></span> <span class='ocrx_word' id='word_1_21' title='bbox 628 1261 814 1326; x_wconf 88' lang='lat' dir='ltr'><strong>amantium</strong></span> <span class='ocrx_word' id='word_1_22' title='bbox 837 1282 905 1327; x_wconf 89' lang='lat' dir='ltr'><strong>esse</strong></span> <span class='ocrx_word' id='word_1_23' title='bbox 934 1261 977 1326; x_wconf 86' lang='lat' dir='ltr'><strong>ab</strong></span> <span class='ocrx_word' id='word_1_24' title='bbox 1001 1261 1145 1328; x_wconf 87' lang='lat' dir='ltr'><strong>invioem</strong></span> <span class='ocrx_word' id='word_1_25' title='bbox 1179 1262 1350 1349; x_wconf 74' lang='lat' dir='ltr'>separatio.</span> <span class='ocrx_word' id='word_1_26' title='bbox 1407 1262 1517 1348; x_wconf 80' lang='lat' dir='ltr'><strong>Igitur</strong></span> 
     </span>
     <span class='ocr_line' id='line_1_5' title="bbox 464 1362 1516 1442; baseline 0 -14"><span class='ocrx_word' id='word_1_27' title='bbox 464 1369 503 1429; x_wconf 90' lang='lat' dir='ltr'><strong>ut</strong></span> <span class='ocrx_word' id='word_1_28' title='bbox 549 1362 673 1429; x_wconf 84' lang='lat' dir='ltr'><strong>dietum</strong></span> <span class='ocrx_word' id='word_1_29' title='bbox 729 1368 787 1442; x_wconf 86' lang='lat' dir='ltr'><strong>est,</strong></span> <span class='ocrx_word' id='word_1_30' title='bbox 821 1363 995 1428; x_wconf 88' lang='lat' dir='ltr'><strong>hominum</strong></span> <span class='ocrx_word' id='word_1_31' title='bbox 1038 1385 1074 1430; x_wconf 89' lang='lat' dir='ltr'><strong>se</strong></span> <span class='ocrx_word' id='word_1_32' title='bbox 1118 1364 1163 1429; x_wconf 84' lang='lat' dir='ltr'><strong>ad</strong></span> <span class='ocrx_word' id='word_1_33' title='bbox 1206 1364 1350 1429; x_wconf 83' lang='lat' dir='ltr'><strong>invicem</strong></span> <span class='ocrx_word' id='word_1_34' title='bbox 1403 1384 1516 1429; x_wconf 86' lang='lat' dir='ltr'><strong>aman-</strong></span> 
     </span>
     <span class='ocr_line' id='line_1_6' title="bbox 462 1462 1518 1551; baseline 0.001 -21"><span class='ocrx_word' id='word_1_35' title='bbox 462 1462 548 1531; x_wconf 88' lang='lat' dir='ltr'><strong>tium</strong></span> <span class='ocrx_word' id='word_1_36' title='bbox 585 1486 653 1529; x_wconf 90' lang='lat' dir='ltr'><strong>non</strong></span> <span class='ocrx_word' id='word_1_37' title='bbox 690 1470 742 1531; x_wconf 90' lang='lat' dir='ltr'><strong>est</strong></span> <span class='ocrx_word' id='word_1_38' title='bbox 778 1465 948 1551; x_wconf 86' lang='lat' dir='ltr'><strong>separatio.</strong></span> <span class='ocrx_word' id='word_1_39' title='bbox 1018 1465 1190 1547; x_wconf 78' lang='lat' dir='ltr'><strong>Quomodo</strong></span> <span class='ocrx_word' id='word_1_40' title='bbox 1233 1467 1345 1551; x_wconf 86' lang='lat' dir='ltr'><strong>itaque</strong></span> <span class='ocrx_word' id='word_1_41' title='bbox 1390 1464 1518 1531; x_wconf 79' lang='lat' dir='ltr'><strong>bomini</strong></span> 
     </span>
     <span class='ocr_line' id='line_1_7' title="bbox 462 1567 1517 1645; baseline -0.001 -13"><span class='ocrx_word' id='word_1_42' title='bbox 462 1568 639 1633; x_wconf 88' lang='lat' dir='ltr'><strong>dolendum</strong></span> <span class='ocrx_word' id='word_1_43' title='bbox 671 1573 729 1645; x_wconf 89' lang='lat' dir='ltr'><strong>est,</strong></span> <span class='ocrx_word' id='word_1_44' title='bbox 760 1568 801 1632; x_wconf 90' lang='lat' dir='ltr'><strong>de</strong></span> <span class='ocrx_word' id='word_1_45' title='bbox 833 1567 976 1632; x_wconf 88' lang='lat' dir='ltr'><strong>hominis</strong></span> <span class='ocrx_word' id='word_1_46' title='bbox 1013 1590 1034 1633; x_wconf 85' lang='lat' dir='ltr'><strong>a</strong></span> <span class='ocrx_word' id='word_1_47' title='bbox 1070 1590 1105 1633; x_wconf 89' lang='lat' dir='ltr'><strong>se</strong></span> <span class='ocrx_word' id='word_1_48' title='bbox 1142 1567 1311 1645; x_wconf 87' lang='lat' dir='ltr'><strong>divisione,</strong></span> <span class='ocrx_word' id='word_1_49' title='bbox 1357 1588 1431 1633; x_wconf 84' lang='lat' dir='ltr'><strong>cum</strong></span> <span class='ocrx_word' id='word_1_50' title='bbox 1473 1567 1517 1631; x_wconf 90' lang='lat' dir='ltr'><strong>ab</strong></span> 
     </span>
     <span class='ocr_line' id='line_1_8' title="bbox 463 1667 1517 1757; baseline -0.003 -22"><span class='ocrx_word' id='word_1_51' title='bbox 463 1691 590 1735; x_wconf 90' lang='lat' dir='ltr'><strong>eonon</strong></span> <span class='ocrx_word' id='word_1_52' title='bbox 612 1670 715 1757; x_wconf 84' lang='lat' dir='ltr'><strong>possit</strong></span> <span class='ocrx_word' id='word_1_53' title='bbox 744 1669 851 1735; x_wconf 87' lang='lat' dir='ltr'><strong>dividi</strong></span> <span class='ocrx_word' id='word_1_54' title='bbox 881 1670 979 1735; x_wconf 94' lang='lat' dir='ltr'><strong>homo</strong></span> <span class='ocrx_word' id='word_1_55' title='bbox 1005 1692 1103 1756; x_wconf 89' lang='lat' dir='ltr'><strong>quem</strong></span> <span class='ocrx_word' id='word_1_56' title='bbox 1124 1691 1203 1735; x_wconf 87' lang='lat' dir='ltr'><strong>vere</strong></span> <span class='ocrx_word' id='word_1_57' title='bbox 1233 1668 1364 1755; x_wconf 81' lang='lat' dir='ltr'><strong>diligiti</strong></span> <span class='ocrx_word' id='word_1_58' title='bbox 1420 1667 1517 1748; x_wconf 84' lang='lat' dir='ltr'><strong>Quod</strong></span> 
     </span>
     <span class='ocr_line' id='line_1_9' title="bbox 462 1770 1516 1857; baseline -0.002 -20"><span class='ocrx_word' id='word_1_59' title='bbox 462 1771 491 1837; x_wconf 88' lang='lat' dir='ltr'><strong>si</strong></span> <span class='ocrx_word' id='word_1_60' title='bbox 506 1772 617 1837; x_wconf 84' lang='lat' dir='ltr'><strong>eredat</strong></span> <span class='ocrx_word' id='word_1_61' title='bbox 632 1772 705 1857; x_wconf 88' lang='lat' dir='ltr'><strong>quis</strong></span> <span class='ocrx_word' id='word_1_62' title='bbox 732 1792 903 1857; x_wconf 86' lang='lat' dir='ltr'><strong>corporum</strong></span> <span class='ocrx_word' id='word_1_63' title='bbox 924 1770 1144 1837; x_wconf 89' lang='lat' dir='ltr'><strong>humanorum</strong></span> <span class='ocrx_word' id='word_1_64' title='bbox 1166 1770 1301 1836; x_wconf 79' lang='lat' dir='ltr'><strong>localem</strong></span> <span class='ocrx_word' id='word_1_65' title='bbox 1323 1772 1516 1836; x_wconf 84' lang='lat' dir='ltr'><strong>distantiam</strong></span> 
     </span>
     <span class='ocr_line' id='line_1_10' title="bbox 463 1872 1515 1960; baseline -0.003 -20"><span class='ocrx_word' id='word_1_66' title='bbox 463 1894 531 1940; x_wconf 88' lang='lat' dir='ltr'><strong>esse</strong></span> <span class='ocrx_word' id='word_1_67' title='bbox 565 1873 747 1951; x_wconf 83' lang='lat' dir='ltr'><strong>dolendum,</strong></span> <span class='ocrx_word' id='word_1_68' title='bbox 771 1878 934 1959; x_wconf 86' lang='lat' dir='ltr'><strong>quantum</strong></span> <span class='ocrx_word' id='word_1_69' title='bbox 956 1878 1052 1951; x_wconf 90' lang='lat' dir='ltr'><strong>erret,</strong></span> <span class='ocrx_word' id='word_1_70' title='bbox 1086 1872 1179 1939; x_wconf 88' lang='lat' dir='ltr'><strong>faoile</strong></span> <span class='ocrx_word' id='word_1_71' title='bbox 1210 1878 1310 1960; x_wconf 87' lang='lat' dir='ltr'><strong>patet.</strong></span> <span class='ocrx_word' id='word_1_72' title='bbox 1368 1872 1406 1939; x_wconf 88' lang='lat' dir='ltr'><strong>Si</strong></span> <span class='ocrx_word' id='word_1_73' title='bbox 1427 1873 1515 1938; x_wconf 87' lang='lat' dir='ltr'><strong>enim</strong></span> 
     </span>
     <span class='ocr_line' id='line_1_11' title="bbox 463 1974 1516 2062; baseline 0 -23"><span class='ocrx_word' id='word_1_74' title='bbox 463 1975 605 2041; x_wconf 89' lang='lat' dir='ltr'><strong>dolenda</strong></span> <span class='ocrx_word' id='word_1_75' title='bbox 628 1974 693 2040; x_wconf 63' lang='lat' dir='ltr'><strong>est⁹</strong></span> <span class='ocrx_word' id='word_1_76' title='bbox 707 1974 806 2040; x_wconf 82' lang='lat' dir='ltr'><strong>alicui</strong></span> <span class='ocrx_word' id='word_1_77' title='bbox 827 1975 968 2062; x_wconf 86' lang='lat' dir='ltr'><strong>eorporis</strong></span> <span class='ocrx_word' id='word_1_78' title='bbox 988 1975 1125 2040; x_wconf 90' lang='lat' dir='ltr'><strong>humani</strong></span> <span class='ocrx_word' id='word_1_79' title='bbox 1140 1997 1162 2039; x_wconf 82' lang='lat' dir='ltr'>a</span> <span class='ocrx_word' id='word_1_80' title='bbox 1176 1996 1210 2041; x_wconf 91' lang='lat' dir='ltr'><strong>se</strong></span> <span class='ocrx_word' id='word_1_81' title='bbox 1225 1975 1394 2053; x_wconf 84' lang='lat' dir='ltr'><strong>distantia,</strong></span> <span class='ocrx_word' id='word_1_82' title='bbox 1410 1974 1516 2039; x_wconf 86' lang='lat' dir='ltr'><strong>multo</strong></span> 
     </span>
     <span class='ocr_line' id='line_1_12' title="bbox 462 2076 1516 2166; baseline -0.001 -23"><span class='ocrx_word' id='word_1_83' title='bbox 462 2078 603 2166; x_wconf 90' lang='lat' dir='ltr'><strong>amplius</strong></span> <span class='ocrx_word' id='word_1_84' title='bbox 619 2077 760 2142; x_wconf 88' lang='lat' dir='ltr'><strong>dolenda</strong></span> <span class='ocrx_word' id='word_1_85' title='bbox 783 2082 868 2142; x_wconf 86' lang='lat' dir='ltr'><strong>esset</strong></span> <span class='ocrx_word' id='word_1_86' title='bbox 891 2076 1036 2162; x_wconf 89' lang='lat' dir='ltr'><strong>ejusdem</strong></span> <span class='ocrx_word' id='word_1_87' title='bbox 1061 2078 1204 2163; x_wconf 87' lang='lat' dir='ltr'><strong>eorporis</strong></span> <span class='ocrx_word' id='word_1_88' title='bbox 1225 2098 1294 2142; x_wconf 91' lang='lat' dir='ltr'><strong>non</strong></span> <span class='ocrx_word' id='word_1_89' title='bbox 1316 2077 1516 2156; x_wconf 81' lang='lat' dir='ltr'><strong>existentia;</strong></span> 
     </span>
     <span class='ocr_line' id='line_1_13' title="bbox 462 2178 1517 2259; baseline -0.002 -14"><span class='ocrx_word' id='word_1_90' title='bbox 462 2180 519 2245; x_wconf 87' lang='lat' dir='ltr'><strong>sed</strong></span> <span class='ocrx_word' id='word_1_91' title='bbox 550 2180 727 2246; x_wconf 86' lang='lat' dir='ltr'><strong>seeundum</strong></span> <span class='ocrx_word' id='word_1_92' title='bbox 770 2178 860 2245; x_wconf 87' lang='lat' dir='ltr'><strong>beati</strong></span> <span class='ocrx_word' id='word_1_93' title='bbox 905 2178 1068 2244; x_wconf 88' lang='lat' dir='ltr'><strong>Jeronimi</strong></span> <span class='ocrx_word' id='word_1_94' title='bbox 1096 2179 1304 2259; x_wconf 71' lang='lat' dir='ltr'><strong>sententiam,</strong></span> <span class='ocrx_word' id='word_1_95' title='bbox 1339 2200 1399 2245; x_wconf 84' lang='lat' dir='ltr'><strong>nec</strong></span> <span class='ocrx_word' id='word_1_96' title='bbox 1430 2200 1517 2244; x_wconf 90' lang='lat' dir='ltr'><strong>mors</strong></span> 
     </span>
     <span class='ocr_line' id='line_1_14' title="bbox 462 2280 1516 2368; baseline 0 -23"><span class='ocrx_word' id='word_1_97' title='bbox 462 2282 569 2361; x_wconf 81' lang='lat' dir='ltr'><strong>emiei,</strong></span> <span class='ocrx_word' id='word_1_98' title='bbox 586 2303 686 2367; x_wconf 86' lang='lat' dir='ltr'><strong>quam</strong></span> <span class='ocrx_word' id='word_1_99' title='bbox 701 2281 852 2367; x_wconf 88' lang='lat' dir='ltr'><strong>sequitur</strong></span> <span class='ocrx_word' id='word_1_100' title='bbox 868 2280 1011 2367; x_wconf 86' lang='lat' dir='ltr'><strong>eorporis</strong></span> <span class='ocrx_word' id='word_1_101' title='bbox 1033 2281 1170 2347; x_wconf 87' lang='lat' dir='ltr'><strong>humani</strong></span> <span class='ocrx_word' id='word_1_102' title='bbox 1185 2282 1359 2368; x_wconf 86' lang='lat' dir='ltr'><strong>oorruptio,</strong></span> <span class='ocrx_word' id='word_1_103' title='bbox 1376 2280 1516 2346; x_wconf 88' lang='lat' dir='ltr'><strong>dolenda</strong></span> 
     </span>
     <span class='ocr_line' id='line_1_15' title="bbox 463 2382 1514 2469; baseline 0.001 -22"><span class='ocrx_word' id='word_1_104' title='bbox 463 2388 513 2448; x_wconf 84' lang='lat' dir='ltr'><strong>est</strong></span> <span class='ocrx_word' id='word_1_105' title='bbox 525 2409 533 2463; x_wconf 92' lang='lat'>;</span> <span class='ocrx_word' id='word_1_106' title='bbox 556 2383 660 2469; x_wconf 83' lang='lat' dir='ltr'><strong>igitur</strong></span> <span class='ocrx_word' id='word_1_107' title='bbox 682 2403 741 2449; x_wconf 87' lang='lat' dir='ltr'><strong>nee</strong></span> <span class='ocrx_word' id='word_1_108' title='bbox 764 2382 908 2468; x_wconf 87' lang='lat' dir='ltr'><strong>eorporis</strong></span> <span class='ocrx_word' id='word_1_109' title='bbox 930 2382 1028 2447; x_wconf 80' lang='lat' dir='ltr'><strong>emisi</strong></span> <span class='ocrx_word' id='word_1_110' title='bbox 1052 2382 1218 2449; x_wconf 84' lang='lat' dir='ltr'><strong>distantia</strong></span> <span class='ocrx_word' id='word_1_111' title='bbox 1265 2383 1337 2449; x_wconf 87' lang='lat' dir='ltr'><strong>Neo</strong></span> <span class='ocrx_word' id='word_1_112' title='bbox 1358 2382 1514 2469; x_wconf 87' lang='lat' dir='ltr'><strong>sequitur,</strong></span> 
     </span>
     <span class='ocr_line' id='line_1_16' title="bbox 463 2484 1514 2571; baseline 0 -22"><span class='ocrx_word' id='word_1_113' title='bbox 463 2484 601 2570; x_wconf 90' lang='lat' dir='ltr'><strong>quodsi</strong></span> <span class='ocrx_word' id='word_1_114' title='bbox 627 2484 773 2569; x_wconf 81' lang='lat' dir='ltr'><strong>jocunda</strong></span> <span class='ocrx_word' id='word_1_115' title='bbox 804 2489 854 2550; x_wconf 88' lang='lat' dir='ltr'><strong>est</strong></span> <span class='ocrx_word' id='word_1_116' title='bbox 888 2485 1073 2571; x_wconf 86' lang='lat' dir='ltr'><strong>praesentia,</strong></span> <span class='ocrx_word' id='word_1_117' title='bbox 1108 2485 1249 2551; x_wconf 86' lang='lat' dir='ltr'><strong>dolenda</strong></span> <span class='ocrx_word' id='word_1_118' title='bbox 1282 2486 1327 2551; x_wconf 87' lang='lat' dir='ltr'><strong>sit</strong></span> <span class='ocrx_word' id='word_1_119' title='bbox 1356 2485 1514 2551; x_wconf 78' lang='lat' dir='ltr'><strong>absentia.</strong></span> 
     </span>
     <span class='ocr_line' id='line_1_17' title="bbox 463 2586 1515 2674; baseline 0.003 -23"><span class='ocrx_word' id='word_1_120' title='bbox 463 2586 614 2653; x_wconf 76' lang='lat' dir='ltr'><strong>Delectat</strong></span> <span class='ocrx_word' id='word_1_121' title='bbox 640 2587 728 2652; x_wconf 90' lang='lat' dir='ltr'><strong>enim</strong></span> <span class='ocrx_word' id='word_1_122' title='bbox 752 2586 919 2652; x_wconf 89' lang='lat' dir='ltr'><strong>hominem</strong></span> <span class='ocrx_word' id='word_1_123' title='bbox 941 2608 1059 2653; x_wconf 89' lang='lat' dir='ltr'><strong>sanum</strong></span> <span class='ocrx_word' id='word_1_124' title='bbox 1084 2592 1119 2653; x_wconf 91' lang='lat' dir='ltr'><strong>et</strong></span> <span class='ocrx_word' id='word_1_125' title='bbox 1141 2592 1252 2652; x_wconf 86' lang='lat' dir='ltr'><strong>motus</strong></span> <span class='ocrx_word' id='word_1_126' title='bbox 1274 2593 1310 2653; x_wconf 92' lang='lat' dir='ltr'><strong>et</strong></span> <span class='ocrx_word' id='word_1_127' title='bbox 1332 2588 1447 2674; x_wconf 85' lang='lat' dir='ltr'><strong>quies;</strong></span> <span class='ocrx_word' id='word_1_128' title='bbox 1480 2594 1515 2654; x_wconf 86' lang='lat' dir='ltr'><strong>et</strong></span> 
     </span>
     <span class='ocr_line' id='line_1_18' title="bbox 462 2688 1514 2775; baseline 0.002 -20"><span class='ocrx_word' id='word_1_129' title='bbox 462 2690 592 2755; x_wconf 82' lang='lat' dir='ltr'><strong>oculum</strong></span> <span class='ocrx_word' id='word_1_130' title='bbox 615 2711 732 2755; x_wconf 88' lang='lat' dir='ltr'><strong>sanum</strong></span> <span class='ocrx_word' id='word_1_131' title='bbox 763 2690 847 2754; x_wconf 89' lang='lat' dir='ltr'><strong>visio</strong></span> <span class='ocrx_word' id='word_1_132' title='bbox 870 2688 938 2754; x_wconf 88' lang='lat' dir='ltr'><strong>albi</strong></span> <span class='ocrx_word' id='word_1_133' title='bbox 973 2696 1009 2754; x_wconf 91' lang='lat' dir='ltr'><strong>et</strong></span> <span class='ocrx_word' id='word_1_134' title='bbox 1034 2690 1142 2775; x_wconf 80' lang='lat' dir='ltr'><strong>nigri;</strong></span> <span class='ocrx_word' id='word_1_135' title='bbox 1165 2695 1199 2755; x_wconf 88' lang='lat' dir='ltr'><strong>et</strong></span> <span class='ocrx_word' id='word_1_136' title='bbox 1221 2690 1372 2756; x_wconf 88' lang='lat' dir='ltr'><strong>auditum</strong></span> <span class='ocrx_word' id='word_1_137' title='bbox 1396 2711 1514 2757; x_wconf 83' lang='lat' dir='ltr'><strong>sonum</strong></span> 
     </span>
     <span class='ocr_line' id='line_1_19' title="bbox 460 2791 1517 2877; baseline 0.002 -18"><span class='ocrx_word' id='word_1_138' title='bbox 460 2814 558 2859; x_wconf 86' lang='lat' dir='ltr'><strong>sonus</strong></span> <span class='ocrx_word' id='word_1_139' title='bbox 589 2798 705 2859; x_wconf 81' lang='lat' dir='ltr'><strong>acutus</strong></span> <span class='ocrx_word' id='word_1_140' title='bbox 737 2798 772 2857; x_wconf 89' lang='lat' dir='ltr'><strong>et</strong></span> <span class='ocrx_word' id='word_1_141' title='bbox 793 2792 922 2877; x_wconf 82' lang='lat' dir='ltr'><strong>gravis:</strong></span> <span class='ocrx_word' id='word_1_142' title='bbox 957 2792 1003 2857; x_wconf 87' lang='lat' dir='ltr'><strong>sio</strong></span> <span class='ocrx_word' id='word_1_143' title='bbox 1036 2797 1071 2857; x_wconf 86' lang='lat' dir='ltr'><strong>et</strong></span> <span class='ocrx_word' id='word_1_144' title='bbox 1100 2793 1204 2856; x_wconf 86' lang='lat' dir='ltr'><strong>amori</strong></span> <span class='ocrx_word' id='word_1_145' title='bbox 1237 2812 1317 2857; x_wconf 89' lang='lat' dir='ltr'><strong>sano</strong></span> <span class='ocrx_word' id='word_1_146' title='bbox 1340 2791 1444 2857; x_wconf 86' lang='lat' dir='ltr'><strong>duleis</strong></span> <span class='ocrx_word' id='word_1_147' title='bbox 1466 2799 1517 2861; x_wconf 83' lang='lat' dir='ltr'><strong>est</strong></span> 
     </span>
     <span class='ocr_line' id='line_1_20' title="bbox 462 2893 1514 2983; baseline -0.001 -23"><span class='ocrx_word' id='word_1_148' title='bbox 462 2896 603 2983; x_wconf 81' lang='lat' dir='ltr'><strong>eorporis</strong></span> <span class='ocrx_word' id='word_1_149' title='bbox 626 2894 722 2959; x_wconf 82' lang='lat' dir='ltr'><strong>amici</strong></span> <span class='ocrx_word' id='word_1_150' title='bbox 748 2894 933 2981; x_wconf 67' lang='lat' dir='ltr'><strong>praesentia,</strong></span> <span class='ocrx_word' id='word_1_151' title='bbox 956 2898 992 2957; x_wconf 89' lang='lat' dir='ltr'><strong>et</strong></span> <span class='ocrx_word' id='word_1_152' title='bbox 1016 2894 1044 2957; x_wconf 91' lang='lat' dir='ltr'><strong>si</strong></span> <span class='ocrx_word' id='word_1_153' title='bbox 1066 2894 1159 2959; x_wconf 88' lang='lat' dir='ltr'><strong>utilis</strong></span> <span class='ocrx_word' id='word_1_154' title='bbox 1189 2899 1248 2970; x_wconf 89' lang='lat' dir='ltr'><strong>est,</strong></span> <span class='ocrx_word' id='word_1_155' title='bbox 1280 2893 1385 2958; x_wconf 82' lang='lat' dir='ltr'><strong>duleis</strong></span> <span class='ocrx_word' id='word_1_156' title='bbox 1406 2899 1458 2961; x_wconf 85' lang='lat' dir='ltr'><strong>est</strong></span> <span class='ocrx_word' id='word_1_157' title='bbox 1479 2900 1514 2960; x_wconf 86' lang='lat' dir='ltr'><strong>et</strong></span> 
     </span>
     <span class='ocr_line' id='line_1_21' title="bbox 461 2996 1514 3081; baseline 0.001 -20"><span class='ocrx_word' id='word_1_158' title='bbox 461 2997 617 3063; x_wconf 83' lang='lat' dir='ltr'><strong>absentia</strong></span> <span class='ocrx_word' id='word_1_159' title='bbox 665 2996 828 3060; x_wconf 83' lang='lat' dir='ltr'><strong>Praeterea</strong></span> <span class='ocrx_word' id='word_1_160' title='bbox 850 3016 935 3081; x_wconf 92' lang='lat' dir='ltr'><strong>pone</strong></span> <span class='ocrx_word' id='word_1_161' title='bbox 957 3016 1074 3081; x_wconf 87' lang='lat' dir='ltr'><strong>eorpus</strong></span> <span class='ocrx_word' id='word_1_162' title='bbox 1100 2996 1198 3061; x_wconf 81' lang='lat' dir='ltr'><strong>amici</strong></span> <span class='ocrx_word' id='word_1_163' title='bbox 1224 2996 1398 3076; x_wconf 79' lang='lat' dir='ltr'><strong>examine3</strong></span> <span class='ocrx_word' id='word_1_164' title='bbox 1419 3018 1514 3062; x_wconf 89' lang='lat' dir='ltr'><strong>num-</strong></span> 
     </span>
     <span class='ocr_line' id='line_1_22' title="bbox 462 3097 1515 3185; baseline 0.002 -22"><span class='ocrx_word' id='word_1_165' title='bbox 462 3099 543 3185; x_wconf 89' lang='lat' dir='ltr'><strong>quid</strong></span> <span class='ocrx_word' id='word_1_166' title='bbox 565 3098 635 3182; x_wconf 85' lang='lat' dir='ltr'><strong>ejus</strong></span> <span class='ocrx_word' id='word_1_167' title='bbox 657 3097 773 3183; x_wconf 80' lang='lat' dir='ltr'><strong>diliges</strong></span> <span class='ocrx_word' id='word_1_168' title='bbox 795 3098 1027 3183; x_wconf 67' lang='lat' dir='ltr'><strong>praesentiaml</strong></span> <span class='ocrx_word' id='word_1_169' title='bbox 1072 3098 1138 3164; x_wconf 82' lang='lat' dir='ltr'><strong>Sed</strong></span> <span class='ocrx_word' id='word_1_170' title='bbox 1160 3120 1220 3163; x_wconf 90' lang='lat' dir='ltr'><strong>neo</strong></span> <span class='ocrx_word' id='word_1_171' title='bbox 1234 3101 1336 3164; x_wconf 87' lang='lat' dir='ltr'><strong>etiam</strong></span> <span class='ocrx_word' id='word_1_172' title='bbox 1358 3100 1388 3164; x_wconf 91' lang='lat' dir='ltr'><strong>si</strong></span> <span class='ocrx_word' id='word_1_173' title='bbox 1409 3099 1515 3165; x_wconf 87' lang='lat' dir='ltr'><strong>solum</strong></span> 
     </span>
     <span class='ocr_line' id='line_1_23' title="bbox 462 3198 1516 3288; baseline 0.004 -23"><span class='ocrx_word' id='word_1_174' title='bbox 462 3202 535 3268; x_wconf 83' lang='lat' dir='ltr'><strong>vita</strong></span> <span class='ocrx_word' id='word_1_175' title='bbox 557 3198 736 3286; x_wconf 74' lang='lat' dir='ltr'><strong>vegetabili</strong></span> <span class='ocrx_word' id='word_1_176' title='bbox 758 3203 794 3263; x_wconf 84' lang='lat' dir='ltr'><strong>et</strong></span> <span class='ocrx_word' id='word_1_177' title='bbox 819 3200 965 3265; x_wconf 77' lang='lat' dir='ltr'><strong>sensibili</strong></span> <span class='ocrx_word' id='word_1_178' title='bbox 994 3204 1080 3265; x_wconf 89' lang='lat' dir='ltr'><strong>esset</strong></span> <span class='ocrx_word' id='word_1_179' title='bbox 1108 3200 1301 3279; x_wconf 85' lang='lat' dir='ltr'><strong>animatum,</strong></span> <span class='ocrx_word' id='word_1_180' title='bbox 1332 3201 1402 3286; x_wconf 86' lang='lat' dir='ltr'><strong>ejus</strong></span> <span class='ocrx_word' id='word_1_181' title='bbox 1431 3224 1516 3288; x_wconf 81' lang='lat' dir='ltr'><strong>pne·</strong></span> 
     </span>
     <span class='ocr_line' id='line_1_24' title="bbox 463 3302 1514 3390; baseline 0.002 -22"><span class='ocrx_word' id='word_1_182' title='bbox 463 3303 570 3369; x_wconf 84' lang='lat' dir='ltr'><strong>sentia</strong></span> <span class='ocrx_word' id='word_1_183' title='bbox 593 3302 792 3389; x_wconf 81' lang='lat' dir='ltr'><strong>diligeretur,</strong></span> <span class='ocrx_word' id='word_1_184' title='bbox 809 3302 867 3365; x_wconf 88' lang='lat' dir='ltr'><strong>sed</strong></span> <span class='ocrx_word' id='word_1_185' title='bbox 891 3324 951 3367; x_wconf 86' lang='lat' dir='ltr'><strong>nee</strong></span> <span class='ocrx_word' id='word_1_186' title='bbox 976 3303 1061 3367; x_wconf 88' lang='lat' dir='ltr'><strong>forte</strong></span> <span class='ocrx_word' id='word_1_187' title='bbox 1083 3302 1229 3368; x_wconf 78' lang='lat' dir='ltr'><strong>ferretur.</strong></span> <span class='ocrx_word' id='word_1_188' title='bbox 1268 3304 1406 3390; x_wconf 86' lang='lat' dir='ltr'><strong>Propter</strong></span> <span class='ocrx_word' id='word_1_189' title='bbox 1427 3306 1514 3389; x_wconf 88' lang='lat' dir='ltr'><strong>quod</strong></span> 
     </span>
     <span class='ocr_line' id='line_1_25' title="bbox 462 3403 1514 3493; baseline 0.001 -23"><span class='ocrx_word' id='word_1_190' title='bbox 462 3404 589 3493; x_wconf 78' lang='lat' dir='ltr'><strong>igitur³</strong></span> <span class='ocrx_word' id='word_1_191' title='bbox 635 3404 777 3489; x_wconf 84' lang='lat' dir='ltr'><strong>eorporis</strong></span> <span class='ocrx_word' id='word_1_192' title='bbox 821 3404 996 3491; x_wconf 81' lang='lat' dir='ltr'><strong>praesentia</strong></span> <span class='ocrx_word' id='word_1_193' title='bbox 1026 3405 1100 3469; x_wconf 85' lang='lat' dir='ltr'><strong>vita</strong></span> <span class='ocrx_word' id='word_1_194' title='bbox 1132 3403 1303 3471; x_wconf 84' lang='lat' dir='ltr'><strong>rationalis</strong></span> <span class='ocrx_word' id='word_1_195' title='bbox 1339 3412 1399 3485; x_wconf 87' lang='lat' dir='ltr'><strong>est,</strong></span> <span class='ocrx_word' id='word_1_196' title='bbox 1434 3407 1514 3472; x_wconf 88' lang='lat' dir='ltr'><strong>vitae</strong></span> 
     </span>
     <span class='ocr_line' id='line_1_26' title="bbox 462 3505 1514 3594; baseline 0.002 -21"><span class='ocrx_word' id='word_1_197' title='bbox 462 3507 568 3594; x_wconf 83' lang='lat' dir='ltr'><strong>igitur</strong></span> <span class='ocrx_word' id='word_1_198' title='bbox 617 3505 790 3570; x_wconf 82' lang='lat' dir='ltr'><strong>rationalis</strong></span> <span class='ocrx_word' id='word_1_199' title='bbox 827 3526 885 3592; x_wconf 91' lang='lat' dir='ltr'><strong>per</strong></span> <span class='ocrx_word' id='word_1_200' title='bbox 918 3528 952 3571; x_wconf 93' lang='lat' dir='ltr'><strong>se</strong></span> <span class='ocrx_word' id='word_1_201' title='bbox 986 3507 1164 3593; x_wconf 86' lang='lat' dir='ltr'><strong>praesentia</strong></span> <span class='ocrx_word' id='word_1_202' title='bbox 1210 3508 1368 3593; x_wconf 85' lang='lat' dir='ltr'><strong>diligitur.</strong></span> <span class='ocrx_word' id='word_1_203' title='bbox 1432 3509 1514 3575; x_wconf 86' lang='lat' dir='ltr'><strong>Haec</strong></span> 
     </span>
     <span class='ocr_line' id='line_1_27' title="bbox 462 3607 1515 3699; baseline 0.003 -24"><span class='ocrx_word' id='word_1_204' title='bbox 462 3614 573 3676; x_wconf 84' lang='lat' dir='ltr'><strong>nutem</strong></span> <span class='ocrx_word' id='word_1_205' title='bbox 588 3607 715 3675; x_wconf 86' lang='lat' dir='ltr'><strong>emanti</strong></span> <span class='ocrx_word' id='word_1_206' title='bbox 737 3608 855 3673; x_wconf 78' lang='lat' dir='ltr'><strong>absens</strong></span> <span class='ocrx_word' id='word_1_207' title='bbox 869 3630 938 3674; x_wconf 84' lang='lat' dir='ltr'><strong>esse</strong></span> <span class='ocrx_word' id='word_1_208' title='bbox 952 3630 1021 3673; x_wconf 92' lang='lat' dir='ltr'><strong>non</strong></span> <span class='ocrx_word' id='word_1_209' title='bbox 1041 3614 1158 3696; x_wconf 90' lang='lat' dir='ltr'><strong>potest.</strong></span> <span class='ocrx_word' id='word_1_210' title='bbox 1204 3609 1388 3696; x_wconf 80' lang='lat' dir='ltr'><strong>Corporalis</strong></span> <span class='ocrx_word' id='word_1_211' title='bbox 1402 3612 1515 3699; x_wconf 81' lang='lat' dir='ltr'><strong>itaque</strong></span> 
     </span>
     <span class='ocr_line' id='line_1_28' title="bbox 463 3710 1516 3800; baseline 0.001 -22"><span class='ocrx_word' id='word_1_212' title='bbox 463 3712 611 3800; x_wconf 84' lang='lat' dir='ltr'><strong>praedioti</strong></span> <span class='ocrx_word' id='word_1_213' title='bbox 633 3710 745 3775; x_wconf 85' lang='lat' dir='ltr'><strong>fratris</strong></span> <span class='ocrx_word' id='word_1_214' title='bbox 768 3711 852 3775; x_wconf 86' lang='lat' dir='ltr'><strong>Adae</strong></span> <span class='ocrx_word' id='word_1_215' title='bbox 868 3732 889 3775; x_wconf 87' lang='lat' dir='ltr'><strong>a</strong></span> <span class='ocrx_word' id='word_1_216' title='bbox 914 3710 1009 3775; x_wconf 91' lang='lat' dir='ltr'><strong>vobis</strong></span> <span class='ocrx_word' id='word_1_217' title='bbox 1030 3711 1182 3777; x_wconf 85' lang='lat' dir='ltr'><strong>absentia</strong></span> <span class='ocrx_word' id='word_1_218' title='bbox 1205 3712 1291 3777; x_wconf 86' lang='lat' dir='ltr'><strong>nulli</strong></span> <span class='ocrx_word' id='word_1_219' title='bbox 1315 3713 1456 3779; x_wconf 77' lang='lat' dir='ltr'><strong>fratrum</strong></span> <span class='ocrx_word' id='word_1_220' title='bbox 1471 3715 1516 3779; x_wconf 87' lang='lat' dir='ltr'><strong>sit</strong></span> 
     </span>
     <span class='ocr_line' id='line_1_29' title="bbox 463 3812 1514 3900; baseline -0.001 -20"><span class='ocrx_word' id='word_1_221' title='bbox 463 3816 602 3880; x_wconf 86' lang='lat' dir='ltr'><strong>molesta</strong></span> <span class='ocrx_word' id='word_1_222' title='bbox 614 3838 623 3895; x_wconf 93' lang='lat'>;</span> <span class='ocrx_word' id='word_1_223' title='bbox 655 3812 800 3878; x_wconf 85' lang='lat' dir='ltr'><strong>maxime</strong></span> <span class='ocrx_word' id='word_1_224' title='bbox 816 3834 890 3878; x_wconf 87' lang='lat' dir='ltr'><strong>eum</strong></span> <span class='ocrx_word' id='word_1_225' title='bbox 914 3812 955 3877; x_wconf 91' lang='lat' dir='ltr'><strong>de</strong></span> <span class='ocrx_word' id='word_1_226' title='bbox 977 3812 1158 3879; x_wconf 85' lang='lat' dir='ltr'><strong>absentiae⁴</strong></span> <span class='ocrx_word' id='word_1_227' title='bbox 1184 3814 1254 3900; x_wconf 90' lang='lat' dir='ltr'><strong>ejus</strong></span> <span class='ocrx_word' id='word_1_228' title='bbox 1277 3815 1433 3894; x_wconf 84' lang='lat' dir='ltr'><strong>utilitate,</strong></span> <span class='ocrx_word' id='word_1_229' title='bbox 1450 3816 1514 3881; x_wconf 90' lang='lat' dir='ltr'><strong>Dei</strong></span> 
     </span>
     <span class='ocr_line' id='line_1_30' title="bbox 463 3914 1515 4003; baseline 0.001 -21"><span class='ocrx_word' id='word_1_230' title='bbox 463 3920 658 4003; x_wconf 80' lang='lat' dir='ltr'><strong>cooperante</strong></span> <span class='ocrx_word' id='word_1_231' title='bbox 685 3914 803 4002; x_wconf 72' lang='lat' dir='ltr'><strong>gratia</strong></span> <span class='ocrx_word' id='word_1_232' title='bbox 820 3936 942 4001; x_wconf 84' lang='lat' dir='ltr'><strong>magna</strong></span> <span class='ocrx_word' id='word_1_233' title='bbox 967 3920 1002 3980; x_wconf 91' lang='lat' dir='ltr'><strong>et</strong></span> <span class='ocrx_word' id='word_1_234' title='bbox 1024 3915 1197 3982; x_wconf 88' lang='lat' dir='ltr'><strong>rationalis</strong></span> <span class='ocrx_word' id='word_1_235' title='bbox 1212 3916 1333 3982; x_wconf 74' lang='lat' dir='ltr'><strong>debet⁵</strong></span> <span class='ocrx_word' id='word_1_236' title='bbox 1355 3938 1424 3983; x_wconf 88' lang='lat' dir='ltr'><strong>esse</strong></span> <span class='ocrx_word' id='word_1_237' title='bbox 1438 3939 1515 3983; x_wconf 85' lang='lat' dir='ltr'><strong>oon-</strong></span> 
     </span>
     <span class='ocr_line' id='line_1_31' title="bbox 458 4016 1514 4105; baseline 0.002 -22"><span class='ocrx_word' id='word_1_238' title='bbox 458 4018 595 4104; x_wconf 83' lang='lat' dir='ltr'><strong>jeotura</strong></span> <span class='ocrx_word' id='word_1_239' title='bbox 643 4017 769 4083; x_wconf 87' lang='lat' dir='ltr'><strong>Lumen</strong></span> <span class='ocrx_word' id='word_1_240' title='bbox 789 4038 932 4103; x_wconf 84' lang='lat' dir='ltr'><strong>namque</strong></span> <span class='ocrx_word' id='word_1_241' title='bbox 955 4016 1101 4083; x_wconf 77' lang='lat' dir='ltr'><strong>scientiae</strong></span> <span class='ocrx_word' id='word_1_242' title='bbox 1123 4017 1193 4103; x_wconf 85' lang='lat' dir='ltr'><strong>ejus</strong></span> <span class='ocrx_word' id='word_1_243' title='bbox 1218 4023 1288 4083; x_wconf 88' lang='lat' dir='ltr'><strong>tam</strong></span> <span class='ocrx_word' id='word_1_244' title='bbox 1303 4019 1432 4105; x_wconf 81' lang='lat' dir='ltr'><strong>fulgens</strong></span> <span class='ocrx_word' id='word_1_245' title='bbox 1454 4027 1514 4099; x_wconf 76' lang='lat' dir='ltr'><strong>est,</strong></span> 
     </span>
     <span class='ocr_line' id='line_1_32' title="bbox 462 4119 1518 4199; baseline 0.003 -14"><span class='ocrx_word' id='word_1_246' title='bbox 462 4126 501 4186; x_wconf 88' lang='lat' dir='ltr'><strong>ut</strong></span> <span class='ocrx_word' id='word_1_247' title='bbox 524 4122 640 4186; x_wconf 89' lang='lat' dir='ltr'><strong>merito</strong></span> <span class='ocrx_word' id='word_1_248' title='bbox 665 4120 713 4185; x_wconf 91' lang='lat' dir='ltr'><strong>ibi</strong></span> <span class='ocrx_word' id='word_1_249' title='bbox 735 4120 878 4184; x_wconf 84' lang='lat' dir='ltr'><strong>maxime</strong></span> <span class='ocrx_word' id='word_1_250' title='bbox 894 4119 1075 4199; x_wconf 86' lang='lat' dir='ltr'><strong>oollooetur,</strong></span> <span class='ocrx_word' id='word_1_251' title='bbox 1090 4120 1150 4185; x_wconf 90' lang='lat' dir='ltr'><strong>ubi</strong></span> <span class='ocrx_word' id='word_1_252' title='bbox 1171 4119 1379 4185; x_wconf 88' lang='lat' dir='ltr'><strong>densissimas</strong></span> <span class='ocrx_word' id='word_1_253' title='bbox 1400 4121 1518 4188; x_wconf 87' lang='lat' dir='ltr'><strong>infide-</strong></span> 
     </span>
     <span class='ocr_line' id='line_1_33' title="bbox 461 4220 1518 4308; baseline 0.005 -22"><span class='ocrx_word' id='word_1_254' title='bbox 461 4222 568 4288; x_wconf 85' lang='lat' dir='ltr'><strong>litatis</strong></span> <span class='ocrx_word' id='word_1_255' title='bbox 583 4222 734 4287; x_wconf 84' lang='lat' dir='ltr'><strong>tenebras</strong></span> <span class='ocrx_word' id='word_1_256' title='bbox 755 4222 900 4308; x_wconf 84' lang='lat' dir='ltr'><strong>dissipet</strong></span> <span class='ocrx_word' id='word_1_257' title='bbox 946 4220 1071 4287; x_wconf 87' lang='lat' dir='ltr'><strong>Fervor</strong></span> <span class='ocrx_word' id='word_1_258' title='bbox 1092 4243 1220 4308; x_wconf 89' lang='lat' dir='ltr'><strong>quoque</strong></span> <span class='ocrx_word' id='word_1_259' title='bbox 1242 4222 1313 4308; x_wconf 89' lang='lat' dir='ltr'><strong>ejus</strong></span> <span class='ocrx_word' id='word_1_260' title='bbox 1333 4227 1458 4304; x_wconf 88' lang='lat' dir='ltr'><strong>tantus,</strong></span> <span class='ocrx_word' id='word_1_261' title='bbox 1478 4231 1518 4291; x_wconf 90' lang='lat' dir='ltr'><strong>ut</strong></span> 
     </span>
    </p>
   </div>
   <div class='ocr_carea' id='block_1_5' title="bbox 461 4504 1503 4796">
    <p class='ocr_par' dir='ltr' id='par_1_5' title="bbox 497 4504 1503 4574">
     <span class='ocr_line' id='line_1_34' title="bbox 497 4504 1503 4574; baseline 0.006 -17"><span class='ocrx_word' id='word_1_262' title='bbox 497 4506 503 4538; x_wconf 91' lang='lat'>¹</span> <span class='ocrx_word' id='word_1_263' title='bbox 522 4507 570 4574; x_wconf 81' lang='lat' dir='ltr'><strong>est]</strong></span> <span class='ocrx_word' id='word_1_264' title='bbox 590 4514 635 4569; x_wconf 82' lang='lat' dir='ltr'><strong>est,</strong></span> <span class='ocrx_word' id='word_1_265' title='bbox 647 4514 692 4566; x_wconf 79' lang='lat' dir='ltr'><strong>est,</strong></span> <span class='ocrx_word' id='word_1_266' title='bbox 705 4504 868 4568; x_wconf 67' lang='lat' dir='ltr'><strong>0.c.c.,01.</strong></span> <span class='ocrx_word' id='word_1_267' title='bbox 1047 4506 1057 4536; x_wconf 89' lang='lat'><strong><em>⁴</em></strong></span> <span class='ocrx_word' id='word_1_268' title='bbox 1073 4504 1202 4573; x_wconf 75' lang='lat' dir='ltr'><strong>adsentio]</strong></span> <span class='ocrx_word' id='word_1_269' title='bbox 1220 4508 1330 4572; x_wconf 80' lang='lat' dir='ltr'><strong>absente,</strong></span> <span class='ocrx_word' id='word_1_270' title='bbox 1342 4508 1440 4568; x_wconf 80' lang='lat' dir='ltr'><strong>C.C.C.,</strong></span> <span class='ocrx_word' id='word_1_271' title='bbox 1452 4512 1503 4563; x_wconf 86' lang='lat' dir='ltr'><strong>Ox.</strong></span> 
     </span>
    </p>

    <p class='ocr_par' dir='ltr' id='par_1_6' title="bbox 494 4584 834 4651">
     <span class='ocr_line' id='line_1_35' title="bbox 494 4584 834 4651; baseline -0.003 -14"><span class='ocrx_word' id='word_1_272' title='bbox 494 4590 505 4617; x_wconf 79' lang='lat'>²</span> <span class='ocrx_word' id='word_1_273' title='bbox 521 4587 570 4651; x_wconf 78' lang='lat' dir='ltr'><strong>eei]</strong></span> <span class='ocrx_word' id='word_1_274' title='bbox 590 4592 661 4648; x_wconf 77' lang='lat' dir='ltr'><strong>esset,</strong></span> <span class='ocrx_word' id='word_1_275' title='bbox 674 4584 772 4646; x_wconf 82' lang='lat' dir='ltr'><strong>C.C.C.,</strong></span> <span class='ocrx_word' id='word_1_276' title='bbox 785 4584 834 4637; x_wconf 85' lang='lat' dir='ltr'><strong>Ox.</strong></span> 
     </span>
    </p>

    <p class='ocr_par' dir='ltr' id='par_1_7' title="bbox 461 4662 1442 4796">
     <span class='ocr_line' id='line_1_36' title="bbox 494 4662 1442 4732; baseline 0.006 -19"><span class='ocrx_word' id='word_1_277' title='bbox 494 4667 504 4696; x_wconf 84' lang='lat'><strong>¹</strong></span> <span class='ocrx_word' id='word_1_278' title='bbox 522 4664 609 4731; x_wconf 64' lang='grc' dir='ltr'><strong>ἐρίων]</strong></span> <span class='ocrx_word' id='word_1_279' title='bbox 623 4664 701 4729; x_wconf 78' lang='lat' dir='ltr'><strong>igitur</strong></span> <span class='ocrx_word' id='word_1_280' title='bbox 725 4662 845 4728; x_wconf 72' lang='lat' dir='ltr'><strong>diligitur,</strong></span> <span class='ocrx_word' id='word_1_281' title='bbox 864 4664 963 4727; x_wconf 68' lang='lat' dir='ltr'><strong>OOC,</strong></span> <span class='ocrx_word' id='word_1_282' title='bbox 1048 4664 1154 4732; x_wconf 66' lang='lat' dir='ltr'><strong>‘deteq</strong></span> <span class='ocrx_word' id='word_1_283' title='bbox 1173 4667 1269 4725; x_wconf 79' lang='lat' dir='ltr'><strong>debeat.</strong></span> <span class='ocrx_word' id='word_1_284' title='bbox 1280 4666 1381 4730; x_wconf 54' lang='grc' dir='ltr'><strong>(Σίλα,</strong></span> <span class='ocrx_word' id='word_1_285' title='bbox 1392 4670 1442 4720; x_wconf 82' lang='lat' dir='ltr'><strong>Ox.</strong></span> 
     </span>
     <span class='ocr_line' id='line_1_37' title="bbox 461 4746 511 4796; baseline 0 -1"><span class='ocrx_word' id='word_1_286' title='bbox 461 4746 511 4796; x_wconf 87' lang='lat' dir='ltr'><strong>Ox.</strong></span> 
     </span>
    </p>
   </div>
   <div class='ocr_carea' id='block_1_6' title="bbox 0 0 1754 5784">
    <p class='ocr_par' dir='ltr' id='par_1_8' title="bbox 0 0 1754 5784">
     <span class='ocr_line' id='line_1_38' title="bbox 0 0 1754 5784; baseline 0 0"><span class='ocrx_word' id='word_1_287' title='bbox 0 0 1754 5784; x_wconf 95' lang='lat' dir='ltr'><strong> </strong></span> 
     </span>
    </p>
   </div>
  </div>
 </body>
</html>
