3500 5784
445 839 510 908 268
770 859 917 911 norrun
939 861 1169 915 uaossrrarru

442 1031 556 1096 matris
579 1031 737 1111 Eoolesiae,
761 1032 933 1100 observare
963 1039 998 1100 et
1028 1037 1230 1103 muotifieare
1252 1041 1432 1127 satagatis3
1453 1048 1489 1109 et

441 1134 489 1198 si¹
522 1134 603 1200 talia
624 1136 734 1222 qualis
767 1137 952 1202 audivimus
974 1137 1061 1204 fasta
1091 1139 1221 1220 fuerint,
1244 1165 1283 1207 ea
1314 1145 1488 1212 emendem

439 1238 567 1316 curetis,
590 1239 799 1307 attendentes
821 1240 910 1325 quod
935 1241 1063 1307 etiamsi
1094 1241 1201 1309 dietus
1233 1245 1428 1330 deliquisset
1449 1249 1487 1313 in

439 1339 475 1403 in
496 1362 563 1421 vos,
578 1346 724 1428 vestrum
739 1363 806 1407 non
828 1347 914 1408 esset
926 1342 1034 1429 ipsum
1049 1345 1173 1431 punire,
1188 1345 1287 1411 oum'
1307 1350 1484 1416 secundum

438 1442 543 1528 legem
580 1443 728 1508 divinam
765 1449 799 1510 et
835 1446 1025 1511 eanonicam
1068 1449 1255 1532 personalia
1298 1450 1485 1518 olerioorum

436 1543 555 1610 delicta
569 1568 591 1610 a
603 1545 798 1612 emularibus
808 1546 975 1632 judicibus
989 1569 1195 1635 nequaquam
1210 1556 1288 1617 sunt
1304 1552 1485 1638 judioanda

436 1647 490 1713 vel
512 1647 685 1734 punienda,
701 1669 761 1714 neo
783 1654 893 1736 posset
914 1650 1046 1716 eeclesia
1059 1672 1190 1738 quoquo
1204 1654 1301 1719 modo
1322 1655 1483 1724 sustinere

436 1749 682 1816 eeclesiasticam
704 1749 891 1817 libertatem
912 1751 1027 1818 taliter
1048 1751 1201 1840 deperire.
1247 1754 1369 1823 Valete.

864 2060 1032 2130 LXXXV.

301 2239 372 2292 ¹²4⁰·
431 2242 690 2348 RobermDot
721 2243 836 2330 mutio
857 2243 1113 2311 Ldeoolwieosis
1133 2244 1317 2333 lipisoopas
1346 2248 1479 2316 ditus

510 2345 604 2434 filiis
634 2345 814 2413 mooeotui
847 2345 889 2413 de
910 2346 1106 2414 noussen
1138 2348 1289 2428 saluum,
1313 2351 1474 2435 qratiam,

518 2457 549 2517 et
571 2447 838 2517 baudoueus

263 2615 359 2668 Onus
473 2607 540 2690 Qui
570 2607 613 2674 od
644 2606 863 2674 ministerium
895 2606 1038 2694 aliquod,
1060 2608 1143 2674 utile
1168 2607 1285 2674 multis
1307 2614 1343 2675 et
1363 2631 1473 2677 neme·

261 2681 405 2805 2122„ss
426 2711 558 2793 serium,
604 2711 703 2776 debet
736 2710 853 2798 eligere
899 2709 940 2776 de
976 2709 1091 2776 multis
1127 2709 1316 2776 ministrum
1359 2733 1471 2792 unum,

258 2818 369 2949 m
425 2819 557 2882 tenetur
577 2813 788 2901 proculdubio
811 2810 963 2900 diligenti
978 2833 1015 2877 eo
1037 2811 1191 2898 prudenti
1213 2814 1471 2900 perscrutatione

424 2919 514 3005 prius
545 2917 745 3003 investigare
777 2915 850 3002 quis
876 2914 918 2979 de
940 2914 1053 2980 multis
1075 2915 1118 2979 ad
1139 2915 1361 2981 ministerium
1382 2919 1470 3003 quod

422 3018 568 3085 intendit
604 3019 667 3084 rite
705 3017 1010 3094 administrandum,
1048 3017 1173 3081 caeteris
1217 3017 1258 3083 de
1294 3021 1471 3105 praeposita

421 3119 637 3186 multitudine
659 3120 704 3186 sit
719 3119 834 3206 aptior,
849 3119 911 3184 hoo
932 3123 992 3198 est,
1015 3119 1191 3206 potentior,
1206 3119 1389 3207 sapientior
1396 3121 1418 3200 ³,
1434 3129 1469 3190 et

421 3223 592 3290 voluntate
626 3220 808 3308 promptior
840 3225 939 3306 atque
970 3219 1158 3302 ferventior,
1181 3225 1216 3287 et
1247 3244 1345 3308 quem
1367 3223 1468 3291 talem

420 3325 681 3414 investigaverit,
711 3323 920 3411 praeelige1e3
952 3322 1099 3409 alioquin
1136 3323 1200 3388 erit
1236 3324 1355 3390 elector
1398 3348 1467 3392 non

419 3428 525 3494 solum
562 3427 682 3505 fatuus,
720 3425 777 3491 sed
814 3425 958 3512 injustus
994 3429 1029 3491 et
1065 3425 1209 3512 impius;
1241 3425 1341 3493 faciet
1377 3429 1466 3494 enirn

418 3551 531 3597 eorum
553 3529 797 3609 detrimentum,
821 3549 960 3614 quorum
993 3525 1127 3592 deberet
1150 3525 1253 3594 faeere
1274 3529 1464 3615 proficuum.

418 3635 588 3716 Quantum
610 3631 698 3698 enim
721 3652 818 3716 quem
840 3630 936 3717 eligit
946 3629 1087 3716 ineptior
1109 3634 1159 3695 est
1172 3651 1211 3696 eo
1234 3651 1332 3715 quem
1354 3639 1465 3718 posset

416 3736 577 3824 aptiorem
614 3734 740 3821 eligere,
777 3738 910 3798 tantum
955 3730 1132 3821 (quantum
1169 3737 1219 3798 est
1262 3732 1300 3798 in
1335 3734 1386 3823 se)
1422 3735 1464 3803 de

415 3837 588 3904 ministerii
619 3835 765 3902 detrahit
795 3835 941 3900 utilitate
968 3837 1070 3920 atque
1103 3835 1315 3900 nenessitate:
1338 3843 1464 3922 quanto

415 3959 542 4027 quoque
574 3938 793 4004 ministerium
826 3936 869 4002 ad
901 3937 989 4023 quod
1019 3935 1188 4023 eligendus
1217 3943 1269 4003 est
1301 3939 1461 4020 minister,

414 4043 530 4108 melius
566 4045 616 4106 est
649 4044 684 4106 et
717 4039 822 4126 magis
855 4037 1080 4118 necessarium,
1115 4043 1210 4104 tanto
1238 4038 1393 4125 injustior
1426 4047 1461 4108 et

413 4144 552 4231 nequior
584 4147 634 4220 est
665 4140 724 4227 qui
756 4140 857 4230 eligit,
881 4142 946 4207 nisi
980 4163 1055 4207 eum
1088 4139 1239 4228 praeferet
1265 4164 1364 4229 quem
1385 4149 1459 4211 tota

412 4245 618 4314 solicitudine
652 4248 874 4332 perscrutatus
911 4243 1012 4309 fuerit
1048 4241 1236 4328 hujusmodi
1272 4243 1459 4314 ministerio

411 4346 715 4418 convenientiorem.

411 4555 536 4562 .----
759 4551 817 4556 -
832 4549 909 4556 —-—
921 4549 935 4555 ο
974 4551 1006 4554 --
1020 4549 1322 4557 ——-————-—-
1330 4551 1450 4560 *-

442 4690 449 4720 ¹
461 4685 497 4752 ει]
515 4701 564 4737 om
576 4685 627 4738 Ox.
988 4684 999 4715 ⁸
1013 4683 1160 4752 missor]
1177 4701 1228 4738 om.
1240 4684 1331 4739 coc,

441 4768 452 4799 ¹
461 4765 527 4832 oron]
545 4771 579 4829 et,
589 4761 679 4818 c.c.c.
