3500 5784
463 817 539 886 282.
785 829 936 884 neurim
953 829 1184 884 suessa-rurs

462 1007 649 1096 impeditur.
714 1003 863 1086 Sextum
903 1005 991 1093 qnod
1025 1027 1086 1072 rex
1121 1009 1156 1074 et
1188 1004 1316 1092 judiees
1352 1004 1514 1072 seculares

461 1110 612 1198 graviter
643 1113 788 1196 peccant,
810 1129 886 1174 enm
920 1109 1085 1196 episcopos
1112 1129 1221 1174 eoram
1250 1129 1285 1174 se
1318 1108 1513 1196 respondere

462 1210 673 1300 compellunt,
707 1231 809 1297 quare
840 1211 999 1297 quosdam
1036 1215 1251 1298 praestitutos
1283 1211 1326 1276 ed
1363 1210 1512 1278 eeclesias

463 1336 532 1382 nen
568 1313 761 1391 admittmt,
798 1317 834 1378 et
869 1335 892 1379 a
927 1311 1028 1380 simili
1064 1335 1165 1401 quare
1198 1311 1339 1400 episcopi
1369 1313 1436 1378 alia
1469 1312 1512 1376 ad

465 1415 608 1484 officinm
635 1413 818 1502 episcopale
846 1414 955 1482 solum
985 1415 1170 1504 spectantia
1202 1414 1329 1482 famant
1361 1413 1416 1482 vel
1446 1435 1513 1480 nen

465 1518 601 1586 faciunt

296 1615 419 1672 Μὴ
513 1620 675 1702 Queden
699 1623 813 1686 antem
837 1619 879 1686 de
909 1617 1220 1686 brevibus'domiui
1249 1619 1335 1708 regis
1364 1641 1439 1707 quae
1467 1617 1510 1684 ad

296 1684 457 1806 l’hffldon-
468 1745 603 1797 manum
626 1727 844 1800 occurrerunt,
866 1722 911 1788 ad
933 1721 1168 1788 evidentiorem
1191 1723 1408 1789 ostensionem
1430 1743 1513 1809 prse-

298 1817 632 1939 {ffffifnffltaetamm
645 1825 863 1892 violationum
886 1829 921 1891 et
942 1824 1227 1912 perturbationum
1244 1823 1330 1910 juris
1352 1829 1387 1893 et
1415 1825 1511 1892 liber·

300 1953 398 2020 nimy.
466 1930 547 1996 tatis
569 1927 802 2006 eeclesiasticm‚
824 1925 1010 2014 subscripta
1031 1933 1120 1994 sunt

500 2069 657 2134 Esuriens,
684 2067 742 2124 Dei
766 2067 871 2140 gratia,
897 2065 961 2132 dec,
990 2067 1125 2140 episcope
1151 2066 1204 2124 tali
1234 2067 1367 2124 salutem.
1406 2065 1510 2123 Sciatis

464 2153 543 2224 qued
559 2153 596 2208 de
608 2151 730 2208 consilio
746 2156 848 2207 neatm
864 2151 1080 2222 assignavimus
1098 2149 1510 2216 dilectum¹nobisee1em‚de

463 2237 549 2307 eujus
574 2235 715 2292 fidelitate
738 2235 900 2306 plurimum
924 2233 1106 2300 confidimns,
1126 2233 1165 2290 ad
1188 2235 1367 2292 tricesimam
1384 2241 1510 2291 nostum

463 2321 495 2375 in
523 2319 664 2376 comitatu
690 2317 745 2374 tali
773 2317 958 2374 assidendum
988 2323 1018 2376 et
1046 2317 1241 2390 colligendam
1269 2335 1329 2374 uua
1356 2337 1425 2375 cum
1447 2319 1511 2374 aliis

463 2403 599 2458 fidelibus
615 2401 724 2458 noenia
736 2401 932 2458 assessoribus
951 2409 982 2459 et
992 2401 1196 2458 collectoribus
1214 2401 1347 2476 ejusdem
1357 2403 1510 2458 tricesima

463 2489 495 2543 in
512 2487 615 2542 edem
631 2485 781 2552 comitatu,
800 2487 859 2552 eui,
879 2491 968 2558 prout
987 2487 1071 2542 uobis
1090 2485 1287 2558 significatum
1304 2487 1370 2553 fnit,
1390 2487 1511 2542 firmiter

464 2571 575 2628 tecnas
592 2569 730 2636 inhiberi,
748 2588 786 2625 ne
804 2570 860 2625 snb
869 2569 1002 2642 periculo
1012 2569 1219 2626 beneficiorum
1237 2589 1357 2627 suorum
1374 2571 1511 2644 predicto

463 2656 581 2728 negotio
599 2655 782 2728 aliquatenus
800 2653 975 2710 intenderet.
1013 2653 1088 2723 Quia
1098 2671 1169 2710 vero
1180 2654 1217 2710 de
1229 2655 1403 2728 paternitate
1415 2661 1512 2712 reatin

464 2739 632 2812 specialiter
647 2737 829 2803 confidimus,
849 2743 881 2794 et
898 2738 977 2810 qued
994 2743 1055 2794 tam
1067 2737 1251 2795 commodum
1269 2757 1357 2812 qnam
1374 2740 1510 2796 honorem

463 2830 596 2880 nostrum
626 2839 662 2878 ex
690 2822 788 2877 anime
817 2820 954 2894 diligitis,
985 2827 1017 2878 et
1045 2821 1134 2878 etiam
1163 2823 1283 2895 majora,
1321 2822 1348 2880 si
1383 2841 1402 2880 a
1428 2823 1510 2881 vebis

464 2915 641 2978 peteremus,
660 2905 745 2962 nobis
763 2905 894 2962 libentur
917 2904 1125 2972 concederetis,
1144 2924 1197 2962 vos
1218 2908 1358 2964 attentius
1375 2907 1510 2964 duximus

464 2989 633 3056 exorandos,
664 2989 803 3061 quatinus
832 2989 931 3055 talem,
951 2989 1003 3060 qui
1032 2989 1064 3046 in
1093 2997 1253 3048 memorate
1280 2989 1400 3064 negotio
1428 2991 1511 3048 nobis

463 3074 625 3146 plurimum
635 3072 718 3130 utilis
733 3078 779 3129 est
796 3078 827 3128 et
836 3073 1028 3139 necessarius,
1042 3073 1078 3128 ad
1090 3073 1145 3130 lice
1157 3073 1308 3132 intendere
1325 3075 1510 3147 permittatis,

463 3165 495 3214 et
512 3157 590 3229 qnod
607 3156 769 3228 superbae
786 3155 929 3212 duxefitis
948 3156 1122 3223 faciendum,
1142 3157 1291 3232 proedietis
1308 3159 1511 3217 collectoribus

464 3248 495 3298 et
529 3239 727 3297 assessoribus
762 3238 925 3296 literatorie
960 3239 1126 3312 significare
1161 3243 1282 3310 velitis;
1320 3243 1420 3300 taliter
1461 3245 1512 3301 has

464 3341 566 3396 preces
594 3329 709 3379 nostras
737 3323 924 3380 exaudientes
960 3329 995 3380 nt
1028 3325 1196 3396 paternitati
1231 3333 1338 3384 vestrm
1373 3328 1512 3400 speciales

464 3408 575 3465 referre
592 3407 750 3463 debeamus
768 3407 932 3480 gratiarum
950 3407 1087 3464 actiones.
1124 3409 1211 3466 'Peste
1229 3429 1275 3466 me
1293 3412 1368 3484 ipso,
1387 3413 1441 3469 sc.

499 3491 658 3556 Esuriens,
686 3491 743 3547 Dei
769 3491 875 3562 gratia,
903 3489 967 3558 dec„
995 3493 1131 3565 episeopo
1156 3494 1208 3550 leli
1234 3495 1368 3552 salutem.
1406 3497 1512 3554 Sciatis

465 3573 544 3646 qnod
559 3573 629 3630 talis
647 3574 734 3630 debet
750 3574 835 3631 nobis
853 3593 894 3630 m.
920 3575 1011 3631 libras
1037 3576 1073 3632 de
1092 3577 1148 3632 line
1169 3595 1257 3649 quem
1274 3579 1358 3636 nobis
1376 3580 1462 3648 iecit3
1483 3589 1513 3638 et

465 3657 610 3729 quianon
626 3657 716 3714 babet
737 3657 848 3714 laicum
872 3658 990 3714 feodum
1015 3677 1069 3732 per
1093 3661 1172 3732 qued
1193 3661 1332 3736 distringi
1349 3665 1444 3736 possit
1459 3684 1512 3738 pro

464 3741 605 3812 predicte
622 3741 730 3808 debite,
748 3742 834 3798 vobis
851 3742 1023 3799 mandamus
1041 3743 1121 3816 qnod
1137 3745 1235 3818 ipsum
1253 3745 1442 3820 destringatis
1461 3770 1512 3822 per

465 3825 606 3880 beneficia
623 3841 677 3881 aua
694 3825 901 3891 ecelesiastica,
922 3844 988 3898 qum
1014 3827 1102 3884 habet
1124 3829 1156 3884 iu
1174 3829 1342 3903 episcopatu
1359 3841 1458 3890 vestro
1476 3835 1513 3890 ad

465 3907 646 3963 reddendum
675 3907 760 3964 nobis
789 3926 831 3965 ce.
863 3908 954 3966 libras
985 3909 1021 3966 de
1051 3911 1153 3967 eodem
1183 3913 1249 3970 fine.
1287 3915 1335 3970 Ita
1361 3918 1439 3988 quod
1463 3937 1512 3974 eas

465 3992 597 4048 habeatis
615 3991 653 4047 ad
670 3993 848 4050 scaccarium
872 4001 1006 4050 nostrum
1031 4013 1084 4068 per
1105 3997 1233 4070 aliquem
1251 3999 1288 4054 de
1305 4002 1413 4058 vestris
1431 4021 1449 4058 a
1465 4003 1513 4058 die

466 4075 560 4132 saneti
589 4074 699 4131 Hilarii
733 4077 811 4133 infra
845 4095 894 4133 xv.
931 4078 1011 4144 dies;
1031 4079 1162 4151 alioquin
1197 4082 1346 4155 capiemus
1375 4103 1428 4142 vos
1458 4085 1513 4142 ad²

465 4159 617 4216 baroniam
632 4165 770 4216 vestram.
807 4160 894 4217 Teste
912 4163 1050 4234 meipso,
1071 4163 1123 4220 dte.
1367 4233 1370 4240 Ι

502 4243 660 4308 Henrieus,
686 4243 743 4298 Dei
768 4245 873 4315 gratia,
900 4245 963 4311 bc,
992 4248 1128 4320 episeopo
1157 4247 1211 4305 tali
1236 4251 1369 4308 salntem.
1407 4253 1513 4312 Sciatis

467 4327 547 4399 qued
563 4326 642 4392 talis,
661 4326 712 4397 qui
730 4333 862 4383 mortuns
881 4335 935 4395 est,
955 4329 1057 4386 debuit
1073 4331 1157 4388 nobis
1176 4333 1214 4389 xl.
1232 4333 1323 4390 libras
1341 4335 1378 4391 de
1395 4336 1514 4411 hidagie

467 4419 499 4468 et
517 4411 606 4468 scetis
630 4409 794 4478 comitatus,
821 4429 894 4484 quas
919 4415 1031 4486 recepit
1046 4421 1177 4488 tempere
1203 4435 1262 4488 quo
1279 4417 1337 4476 suit
1353 4421 1514 4481 vicecomes

502 4700 649 4770 ιιιιαω]
668 4701 875 4766 nemeen
984 4703 995 4775 ι
1049 4707 1121 4778 ¹aa]
1139 4709 1310 4781 pasce„
