3500 5784
700 872 880 921 nrrsroan.
1274 861 1317 926 13

270 1054 349 1137 apte
370 1047 612 1126 transforment,
628 1049 816 1135 respondeo,
832 1046 922 1133 quod
942 1046 1043 1125 miris,
1067 1052 1102 1114 et
1123 1046 1250 1114 homini
1264 1049 1318 1117 vel

270 1152 386 1219 saltem
408 1152 491 1219 mihi
512 1151 639 1217 homini
658 1151 880 1217 ineffabilibus
899 1149 1012 1217 modis.
1059 1150 1178 1238 Cogita
1196 1156 1316 1233 tamen,

270 1257 300 1322 si
331 1260 433 1343 potes,
457 1256 619 1341 quomodo
650 1255 762 1321 anima
795 1260 927 1321 moveat
960 1276 1077 1342 corpus
1107 1259 1224 1337 tuum3
1253 1257 1317 1323 etsi

270 1359 358 1425 enim
379 1365 511 1425 moveat
525 1359 671 1425 membra
692 1378 804 1445 grossa
826 1356 936 1423 nervis
959 1362 994 1423 et
1015 1357 1178 1437 musculis,
1195 1359 1317 1425 atilios

271 1466 402 1529 moveat
422 1460 594 1549 spiritibus
623 1460 794 1547 corporeis,
824 1460 912 1547 ipsos
940 1464 1055 1527 tamen
1084 1461 1219 1548 spiritus
1249 1483 1319 1527 cor-

272 1587 386 1653 poreos
407 1565 498 1631 nullo
521 1564 585 1629 aiio
607 1586 740 1652 corpore
768 1563 876 1631 medio
899 1567 1022 1642 movet,
1047 1564 1106 1629 sed
1132 1565 1201 1631 sola
1221 1565 1316 1631 affec-

271 1669 369 1735 tione.
414 1667 576 1755 Appetitu
599 1667 688 1733 enim
711 1666 864 1745 naturali,
887 1666 943 1733 vel
964 1667 1160 1746 voluntario,
1185 1669 1319 1735 omnino

271 1773 467 1858 incorporeo,
482 1776 594 1836 movet
613 1770 682 1837 sinc
702 1768 810 1835 medio
832 1770 918 1836 illud
938 1791 1127 1859 corporeum
1149 1772 1237 1857 quod
1259 1794 1319 1859 pro

271 1875 324 1941 sui
344 1874 530 1940 subtilitate
553 1873 658 1961 magis
684 1872 810 1939 accedit
832 1873 875 1939 ad
898 1873 1132 1961 incorporeum.
1178 1876 1319 1963 Appeti-

272 1982 327 2045 tus
350 1976 580 2044 enim'animaa
602 1980 681 2042 sunt
711 1976 872 2042 motiones
903 1974 982 2061 ejus,
1014 1998 1097 2064 pure
1127 1977 1317 2065 incorporei,

273 2082 392 2167 quibus
428 2075 847 2167 comproportionabiliter¹
882 2084 1066 2145 commovet
1103 2080 1174 2146 sine
1210 2081 1320 2146 medio

272 2185 333 2251 hoc
366 2184 453 2269 quod
485 2184 521 2249 in
552 2181 738 2269 corporibus
769 2180 898 2269 magis⁹
935 2183 1179 2270 appropinquat
1214 2184 1320 2249 incor-

271 2286 448 2375 poralitati,
479 2290 514 2351 et
539 2284 592 2351 hic
622 2289 673 2350 est
702 2284 839 2372 spiritus
871 2306 1052 2372 corporeus,
1076 2286 1147 2353 sive
1172 2286 1319 2373 luxque

272 2390 380 2455 medio
417 2393 515 2466 moto,
554 2392 667 2455 movet
704 2392 941 2473 consequenter
977 2409 1111 2475 corpora
1147 2390 1318 2476 grossiora.

274 2492 362 2574 Quid
394 2492 497 2579 igitur
529 2491 651 2557 mirum
682 2490 711 2555 si
742 2490 877 2578 angelus
907 2489 1060 2557 similiter
1087 2492 1124 2557 in
1153 2499 1321 2581 assumpto

273 2618 414 2683 corpore,
446 2594 514 2660 sola
543 2593 718 2661 affectione
749 2602 882 2659 moveat
912 2594 1019 2681 primo
1041 2593 1129 2680 quod
1151 2594 1188 2659 in
1210 2618 1248 2661 eo
1270 2601 1321 2663 est

272 2698 521 2764 subtilissimum
555 2718 671 2784 corpus
680 2695 701 2775 ³,
726 2700 760 2763 et
794 2717 852 2784 per
882 2695 966 2761 illud
999 2702 1236 2784 consequenter
1266 2698 1322 2764 et⁴

273 2800 424 2890 grossius,
440 2805 475 2867 et
496 2823 517 2867 a
539 2821 623 2888 pura
643 2799 912 2887 incorporalitate
926 2800 1105 2865 remotiust
1149 2800 1216 2866 Sed
1230 2801 1322 2867 vide-

273 2913 329 2973 tur
357 2905 500 2972 animam
530 2926 598 2970 non
620 2904 666 2970 sic
687 2926 780 2991 posse
802 2925 935 2971 movere
958 2925 1074 2993 corpus
1102 2906 1320 2993 corporaliter,

273 3008 632 3097 comproportionaliter
668 3028 726 3073 suo
759 3006 866 3073 motui
904 3008 1109 3095 incorporali,
1140 3008 1206 3073 nisi
1235 3016 1321 3075 esset

272 3114 375 3201 ligata
396 3111 529 3199 corpori,
552 3116 593 3177 ut
614 3114 745 3197 propter
767 3132 891 3176 nexum
911 3110 1127 3197 colligationis
1142 3111 1322 3178 motionem

274 3216 371 3303 hujus
385 3220 575 3302 sequeretur
597 3212 700 3279 motio
723 3213 1047 3301 comproportionalis
1068 3213 1132 3279 sibi
1155 3213 1318 3302 colligati:

274 3324 406 3407 propter
441 3318 545 3405 ipsam
590 3322 702 3383 autem
746 3316 988 3403 colligationem
1024 3338 1092 3383 non
1128 3318 1226 3384 valde
1262 3318 1320 3384 ad-

273 3421 468 3500 mirandum,
500 3420 530 3486 si
560 3420 740 3487 motionem
772 3421 890 3485 animae
920 3419 1001 3485 licet
1033 3420 1254 3507 incorpoream
1285 3428 1321 3487 et

273 3525 439 3603 illocalem,
472 3529 629 3609 sequatur
659 3522 696 3589 in
727 3522 879 3611 colligato
908 3528 944 3588 ct
972 3522 1037 3589 sibi
1062 3524 1159 3589 unito
1188 3546 1321 3612 corpore

273 3636 382 3695 motus
419 3626 593 3714 corporalis
630 3631 664 3693 et
701 3625 832 3693 localis:
871 3647 946 3691 cnm
979 3626 1016 3691 in
1049 3648 1111 3693 axe
1148 3628 1226 3693 ostii
1261 3628 1322 3694 hoc

273 3732 413 3809 eveniat,
453 3730 541 3816 quod
575 3729 657 3811 exie,
694 3734 735 3795 ut
775 3728 825 3795 ita
862 3727 978 3809 dicam,
1017 3730 1230 3797 immobiliter
1267 3732 1321 3798 vel

275 3833 446 3899 illocaliter
476 3838 593 3929 motqs,
626 3837 736 3897 totum
774 3831 896 3897 ostium
932 3830 1080 3897 localiter
1109 3841 1320 3901 commoveat.

274 3936 395 4024 Angeli
426 3940 538 4001 autem
569 3934 613 3999 ad
643 3956 759 4022 corpus
796 3938 1002 4021 assumptum
1036 3958 1110 4022 quae
1147 3935 1321 4023 colligatio,

275 4046 314 4105 ut
346 4040 415 4125 ejus
447 4037 683 4104 affectionalem
715 4037 895 4103 motionem
917 4044 1074 4123 sequatur
1096 4038 1131 4102 in
1153 4044 1337 4125 assumpt).

274 4163 405 4229 corpore
428 4140 750 4228 comproportionalis
772 4140 874 4205 motio
897 4140 1094 4227 corporalis?
1139 4141 1216 4207 Non
1233 4142 1321 4207 enirn

276 4250 326 4311 eat
355 4243 463 4331 angeli
492 4264 566 4308 cum
594 4247 761 4330 assumpto
790 4264 923 4330 corpore
948 4242 1063 4308 unitio.
1120 4242 1249 4325 Fateor,
1281 4250 1321 4310 ut

310 4584 317 4615 ¹
329 4580 627 4649 conproporticnutr'lltcr]
636 4581 774 4647 proportio·
859 4580 869 4610 ⁸
884 4580 985 4646 corpus]
1003 4580 1122 4646 corporis,
1134 4578 1233 4642 C.G.C.,
1245 4582 1294 4633 01.

276 4665 374 4726 naliter,
385 4664 438 4715 sid.

311 4746 322 4778 ²
337 4745 426 4811 maffia]
444 4758 493 4796 om.
505 4743 594 4797 c.c.c.
860 4713 868 4741 ⁴
886 4713 922 4778 0⁸]
941 4713 1123 4777 qu⁰d‚01.,ln
1134 4729 1213 4786 marg.
