3500 5784
663 859 841 910 arrsrons.
1204 845 1270 918 277

219 1029 366 1096 subsidio
380 1033 510 1096 nosmet
530 1030 661 1096 literam
682 1029 948 1118 supplicatorium
963 1036 997 1095 et
1012 1031 1270 1096 exhortatoriam
1283 1106 1287 1114 .

221 1133 385 1200 destinare
419 1153 625 1214 curaremus3
662 1141 781 1200 neutra
811 1137 925 1199 tamen
957 1134 1038 1214 vice,
1071 1133 1159 1220 quod
1190 1134 1271 1198 dicti

221 1235 328 1302 clerici
361 1239 570 1323 rogaverunt,
595 1234 730 1301 fecimus
742 1260 751 1316 ;
782 1257 881 1322 super
902 1257 968 1322 quo
989 1258 1011 1300 a
1031 1240 1143 1300 vestra
1163 1242 1271 1322 pater-

220 1337 328 1404 nitate
342 1339 473 1404 veniam
495 1337 657 1424 petimus;
679 1359 748 1403 non
770 1337 859 1403 enim
881 1337 931 1403 fas
952 1338 1047 1403 nobis
1069 1344 1129 1419 est,
1152 1344 1271 1404 vestrae

221 1440 423 1528 paternitati,
439 1463 499 1508 neo
521 1441 690 1506 dilectioni
713 1440 845 1526 speciali
867 1463 966 1527 quam
989 1462 1066 1527 erga
1086 1462 1147 1506 nos
1168 1441 1271 1506 vestri

220 1542 331 1630 gratia
351 1543 472 1629 geritis,
497 1543 671 1630 quicquam
705 1542 867 1629 denegare
899 1543 988 1629 quod
1022 1543 1182 1608 inoffensa
1199 1543 1270 1628 jus·

222 1645 300 1710 titia
322 1651 356 1710 et
378 1651 490 1712 nostra
512 1646 684 1712 honestate
707 1645 811 1710 illaesa
833 1667 1004 1731 possumus
1025 1645 1138 1711 facere.
1184 1645 1270 1712 Prae-

221 1746 312 1814 dicta
334 1753 444 1814 autem
460 1747 572 1821 fecisse
593 1767 661 1812 non
675 1747 853 1834 potuimus,
868 1747 954 1812 sicut
976 1747 1071 1813 nobis
1093 1748 1271 1814 certissime

220 1849 330 1914 visum
367 1855 446 1928 erat,
478 1851 543 1915 nisi
576 1848 661 1915 forte
691 1849 818 1936 aliquos
854 1849 895 1914 de
926 1850 1120 1936 coepiscopis
1150 1850 1273 1915 nostris

222 1951 474 2030 offendissemus,
513 1973 588 2017 cum
624 1951 813 2017 videremur
851 1951 1025 2017 manifeste
1069 1951 1133 2016 ab=
1156 1972 1272 2016 eorum

221 2052 350 2118 unitate
382 2053 557 2133 recessisse,
592 2051 787 2140 praedictum
819 2051 1009 2133 subsidium,
1040 2069 1202 2139 quantum
1235 2053 1272 2117 in

220 2155 315 2222 nobis
337 2160 430 2236 esset,
454 2157 525 2222 sine
547 2155 613 2220 illis
635 2156 917 2242 praeconcedendc,
934 2161 969 2222 et
993 2162 1107 2222 nostra
1128 2178 1272 2244 praecon-

221 2258 365 2325 cessione
380 2259 423 2324 ad
445 2259 532 2325 idem
556 2257 742 2324 faciendum
765 2279 820 2323 cos
843 2258 1083 2344 quodammodo
1106 2260 1270 2325 arctando.

222 2360 298 2426 Toti
329 2382 457 2448 quoque
488 2361 573 2426 clero
603 2361 702 2426 dictae
727 2361 904 2446 provinciae
926 2383 985 2427 nos
1017 2362 1272 2428 reddidissemus

223 2462 371 2543 odiosos;
394 2464 451 2549 qui
474 2463 575 2528 etiam
590 2460 720 2548 publice
742 2461 964 2530 declamarent
979 2465 1069 2550 quod
1082 2486 1152 2544 nos,
1169 2487 1273 2551 quan-

224 2571 296 2630 tum
317 2566 354 2630 in
374 2565 470 2631 nobis
501 2569 595 2642 esset,
626 2569 740 2630 nostra
774 2564 962 2649 hujusmodi
991 2569 1272 2652 praeconcessione‚

225 2668 304 2752 (non
326 2668 416 2734 enim
438 2667 608 2734 exhortari
633 2687 797 2752 possemus
819 2667 856 2732 in
880 2667 941 2734 hac
962 2674 1058 2756 parte
1072 2670 1160 2755 quod
1181 2671 1273 2756 prius

223 2770 416 2857 nosmetipsi
429 2793 497 2837 non
512 2769 697 2836 videremur
718 2769 938 2858 concessisse)
953 2792 1007 2837 eos
1021 2771 1274 2838 intolerabiliter

222 2895 467 2959 gravassemus3
490 2872 671 2960 praesertim
694 2893 769 2938 cum
792 2872 944 2939 dominus
960 2873 1050 2960 Papa
1072 2880 1106 2939 et
1122 2874 1274 2940 dominus

224 2997 282 3041 rex
304 2975 500 3042 auctoritate
514 2973 624 3062 papali
639 2973 681 3040 ab
697 2976 810 3040 eodem
832 2976 919 3041 clero'
939 2977 1191 3063 praesentialiter
1205 2978 1275 3043 exi-

223 3083 306 3165 gant
318 3078 355 3142 in
369 3099 438 3143 non
451 3077 580 3144 modica
595 3076 785 3164 quantitate
806 3076 871 3142 sibi
893 3077 1070 3143 subveniri.
1105 3077 1157 3144 Ut
1171 3079 1276 3166 igitur

223 3182 292 3247 lraee
314 3185 349 3246 et
371 3179 561 3266 hujusmodi
583 3178 774 3258 vitaremus,
798 3199 934 3243 manum
956 3202 977 3245 a
1003 3179 1175 3246 scribendo
1198 3203 1275 3246 con-

224 3283 394 3360 tinuimus,
428 3286 463 3348 et
496 3283 619 3369 scripta
650 3303 718 3347 non
748 3281 959 3368 signavimus.
1004 3281 1140 3349 Habeat
1172 3284 1276 3370 igitur

225 3392 344 3452 vestrae
377 3385 589 3472 paternitatis
620 3383 809 3470 benignitas
840 3405 909 3463 nos,
939 3383 968 3449 si
1000 3385 1114 3472 placet,
1145 3385 1183 3450 in
1216 3387 1277 3452 hac

223 3494 315 3576 parte
353 3493 533 3568 excusatos,
566 3491 700 3574 paratos
737 3507 864 3574 semper
902 3487 946 3552 ad
977 3507 1016 3552 aa
1050 3510 1124 3574 quae
1156 3494 1276 3556 vestrae

225 3592 367 3658 debeant
397 3589 568 3657 voluntati
602 3588 808 3676 complacere.
866 3587 987 3655 Valeat
1023 3591 1206 3677 paternitas
1238 3593 1277 3660 in

228 3692 377 3761 Domino.
1260 3698 1263 3705 '

716 3893 785 3960 XO.

225 4053 391 4124 Rebecca
412 4053 478 4119 Dei
499 4053 617 4140 pratia
648 4049 907 4120 Lr'sacolaa'caca's
927 4053 1124 4143 Episcopus,
1148 4055 1278 4124 dilectis
1324 4083 1410 4130 1240?

317 4158 362 4224 ia
400 4155 532 4223 Christo
556 4154 651 4243 filiis
682 4155 805 4222 aarum
840 4163 870 4221 et
901 4156 1052 4244 capitulo
1083 4158 1277 4226 Liaeeolsaioe

316 4259 468 4338 salutem,
490 4259 652 4345 qratiam,
675 4265 706 4325 et
728 4257 999 4325 causationem.

273 4410 478 4478 Naturaliter
515 4409 639 4474 indicta
675 4415 734 4486 est,
773 4428 841 4473 non
878 4409 984 4474 solum
1021 4409 1208 4477 hominibus
1241 4416 1277 4478 et
1290 4424 1386 4475 Orthe
1439 4403 1442 4408 ’

228 4515 410 4590 mansuetis
448 4510 645 4578 animalibus
683 4508 760 4576 sed¹
793 4515 828 4577 et
865 4510 943 4576 feris
980 4510 1104 4594 bestiis,
1136 4516 1277 4603 propriae
1288 4491 1444 4609 25¹3?ng

627 4745 706 4814 mu]
725 4762 774 4802 oa
787 4745 878 4800 occ.
