3500 5784
465 808 532 875 430
789 825 937 876 sonsum
958 824 1190 877 oaossrrnsra

465 998 660 1083 promissum
693 999 851 1087 episcopo,
885 1004 1011 1087 quanto
1044 998 1150 1087 magis
1178 1002 1338 1065 tenentur
1369 998 1402 1063 ei
1438 996 1521 1063 obe-

466 1100 742 1169 dientiae'debito.
788 1104 826 1169 Si
859 1104 948 1169 enirn
978 1102 1062 1168 illud
1096 1100 1186 1188 quod
1216 1102 1327 1167 minus
1360 1106 1412 1167 est
1440 1108 1522 1188 eget

465 1204 559 1291 signo
582 1214 615 1271 et
637 1206 841 1272 firmamento
871 1228 915 1273 ns
944 1206 1113 1272 aberretur
1134 1205 1178 1271 ab
1199 1226 1247 1283 eo,
1270 1203 1376 1271 multo
1398 1203 1522 1269 fortius

465 1305 509 1385 id,
533 1308 622 1393 quod
655 1309 760 1395 magis
792 1314 850 1389 est,
875 1314 910 1375 et
940 1332 962 1373 a
992 1328 1058 1395 quo
1090 1307 1304 1395 periculosius
1335 1308 1519 1384 aberratur,

466 1414 540 1495 eget
554 1408 648 1497 signo
669 1416 705 1477 et
722 1412 931 1477 firmamento
952 1432 995 1476 ne
1016 1412 1188 1477 aberretur
1208 1410 1252 1477 ab
1274 1432 1319 1477 eo.
1366 1408 1520 1495 Cumque

464 1512 564 1577 etiarn
586 1512 691 1599 magis
712 1514 800 1599 patri
823 1518 857 1579 at
880 1512 1056 1600 praeposito
1088 1518 1124 1578 et
1154 1511 1337 1580 sublimiori
1357 1514 1519 1599 potestati

464 1615 567 1699 major
589 1616 749 1681 debeatur
770 1616 968 1693 obedientia,
991 1638 1059 1682 non
1074 1621 1127 1681 est
1147 1616 1260 1681 minus
1281 1615 1370 1702 patri
1392 1616 1517 1679 minus-

463 1736 526 1801 que
548 1719 726 1806 praeposito
757 1724 792 1785 st
825 1719 936 1784 minus
958 1718 1091 1785 sublimi
1120 1716 1304 1805 potestati¹
1329 1718 1519 1783 obedientia

458 1818 603 1904 juranda
624 1842 681 1886 seu
695 1820 929 1907 promittenda,
950 1820 1017 1885 nisi
1037 1820 1131 1885 salva
1148 1820 1337 1885 obedientia
1357 1819 1518 1906 superiori

463 1920 582 1988 debita
630 1922 801 2005 Praeterea,
825 1928 866 1989 ut
898 1924 1095 2010 pradictum
1129 1928 1189 2003 est,
1220 1922 1329 2009 magis
1359 1928 1518 1986 tenentur

464 2024 607 2091 deoauus
630 2032 665 2092 et
687 2026 834 2092 canonici
856 2024 988 2092 obedire
1021 2026 1171 2113 episeopo
1206 2046 1307 2110 quarn
1340 2030 1519 2091 tenantur

464 2128 611 2193 canonici
643 2129 774 2195 obedire
812 2128 957 2211 deoan03
989 2150 1067 2216 ergo
1089 2128 1302 2216 periculosius
1336 2134 1467 2193 erratur
1499 2150 1517 2191 a

464 2231 636 2310 canonicis,
660 2232 688 2297 si
710 2232 847 2299 oredant
880 2254 915 2297 ss
949 2254 1017 2298 non
1050 2233 1168 2298 debers
1201 2231 1424 2297 obedientiam
1450 2231 1519 2317 epi-

465 2354 561 2420 scopo
583 2332 637 2399 vel
659 2334 812 2422 ignorent
828 2356 862 2401 se
885 2336 1013 2416 debere,
1037 2356 1135 2421 quam
1158 2334 1187 2399 si
1209 2334 1379 2399 crederent
1400 2354 1436 2397 se
1449 2354 1518 2397 non

466 2436 583 2502 debers
609 2436 853 2503 obedientiam8
879 2439 1002 2504 decano
1033 2437 1088 2503 vel
1112 2438 1303 2525 ignorarent
1326 2456 1362 2502 se
1391 2435 1520 2501 debere.

468 2538 555 2625 Ergo
577 2544 616 2605 ut
638 2540 776 2605 tollatur
797 2539 987 2627 hujusmodi
1012 2562 1102 2606 error
1134 2544 1170 2605 et
1191 2538 1389 2627 ignorantis,
1413 2538 1520 2625 magis

466 2642 690 2729 praestandum
713 2646 764 2707 est
785 2648 1025 2709 sacramentum
1040 2664 1098 2707 seu
1112 2644 1307 2729 promissum
1321 2641 1520 2708 obedientia

467 2744 637 2809 servandos
660 2745 851 2834 episcopos
877 2746 1000 2811 decano
1033 2750 1069 2812 et
1101 2745 1273 2826 canonicis,
1306 2765 1405 2831 quam
1436 2764 1520 2831 prse-

468 2848 623 2913 standum
646 2848 690 2913 sit
712 2870 733 2913 a
755 2846 918 2913 canonicis
941 2848 1070 2915 deoano.
1109 2846 1190 2913 Fuit
1203 2854 1317 2914 autem
1331 2846 1522 2933 hujusmodi

469 2970 559 3015 error
603 2970 661 3015 seu
705 2948 917 3038 ignorantia⁸
953 2951 989 3015 in
1026 2952 1192 3016 canonicis
1243 2948 1417 3037 aliquibus,
1462 2950 1522 3035 qui

468 3072 558 3119 error
571 3054 626 3119 vel
648 3074 722 3140 quae
744 3052 933 3140 ignorantia
954 3075 1022 3119 non
1044 3052 1178 3119 aliunde
1199 3053 1386 3119 habuerunt
1408 3058 1521 3118 ortum

468 3156 532 3221 nisi
565 3178 608 3222 ax
639 3176 686 3236 eo,
710 3156 797 3244 quod
829 3160 1008 3243 praestatur
1044 3178 1065 3221 a
1095 3157 1258 3221 oanoniois
1279 3160 1522 3221 sacramentnm

469 3278 527 3325 seu
549 3260 744 3345 promissum
766 3258 963 3325 obedientia
989 3258 1111 3325 decano
1133 3262 1169 3323 et
1190 3278 1258 3323 non
1280 3258 1437 3346 episeopo.
1483 3258 1523 3324 Si

468 3362 572 3449 igitur
593 3383 652 3449 per
673 3362 734 3427 hoo
756 3362 843 3448 quod
865 3383 933 3427 uon
951 3362 1180 3449 prostituant
1201 3366 1440 3427 sacramentum
1463 3382 1523 3427 seu

468 3464 663 3551 promissum
701 3465 898 3531 obedientias
929 3466 1089 3552 episeopo,
1118 3464 1307 3530 inciderunt
1339 3464 1376 3528 in
1409 3464 1525 3550 hujus·

468 3567 559 3632 modi
581 3564 746 3633 errorem*
768 3569 822 3633 vel
852 3568 1073 3655 ignorantiam
1107 3567 1242 3654 quidam
1276 3568 1318 3634 de
1348 3569 1524 3647 eanoniois,

470 3690 513 3736 ex
535 3668 654 3757 quibus
676 3691 785 3737 errore
814 3670 870 3736 vel
899 3670 1088 3758 ignorantia
1118 3672 1312 3757 pervenitur
1334 3670 1388 3736 vel
1410 3672 1525 3758 proxi·

305 3792 561 3845 isam.1v,mnm
592 3778 643 3838 est
674 3778 713 3839 ut
745 3773 957 3859 perveniatur
978 3773 1021 3839 ad
1050 3772 1330 3858 remitendum,
1353 3772 1444 3861 quod
1477 3780 1526 3839 est

302 3864 341 3911 Ἀ
469 3873 571 3963 quast
589 3883 766 3962 peccatura
795 3873 976 3942 ariolandi
1001 3872 1086 3941 aut⁶
1106 3876 1196 3942 nollo
1227 3874 1398 3963 moion,
1432 3874 1525 3962 prod

469 3985 515 4045 eat
537 3979 639 4066 quusi
661 3978 767 4045 stolus
800 3976 1014 4059 idololototoe,
1049 3979 1213 4065 quomodo
1244 4001 1312 4045 non
1344 3984 1396 4045 est
1418 4000 1528 4045 saera

469 4078 641 4148 mentum⁶
678 4080 873 4147 obedientiae
920 4082 1146 4169 praestandum
1183 4082 1342 4169 episeopo,
1382 4087 1423 4147 ut
1466 4102 1527 4168 per

502 4399 510 4429 ¹
526 4400 604 4466 major
620 4434 627 4449 .
646 4435 653 4448 .
666 4396 795 4464 potestat]
815 4412 863 4448 om.
881 4396 970 4450 (200.
1051 4400 1062 4430 ¹
1079 4398 1182 4460 0.0.C.‚
1197 4398 1268 4449 'hm
1280 4399 1468 4465 insertassm't

502 4478 710 4543 ’uunsepesa
721 4479 832 4546 episcopo
848 4515 855 4529 .
871 4514 878 4527 .
895 4476 971 4529 .obe
1052 4471 1195 4543 ‘onorem]
1214 4493 1263 4528 om.
1276 4478 1367 4531 C.C.C.

469 4555 591 4607 dimaon.
637 4555 743 4623 o.o.c,.
769 4562 868 4623 reposta
898 4574 970 4621 quon
1049 4556 1133 4623 ‘aaa
1151 4558 1192 4618 nd,
1212 4557 1323 4621 C.C.C.;
1339 4565 1366 4610 et
1386 4560 1428 4621 ad,
1446 4558 1529 4636 urin,

469 4634 969 4702 ...decaao501.,qaan...dedere‚
1017 4635 1069 4688 On

468 4715 900 4783 botGasooignebasoorreotedit
1052 4716 1320 4787 ‘mmmmm
1339 4718 1498 4771 omli-ln*
