3500 5784
637 864 812 967 rasione.
1188 906 1253 969 aaa

194 1087 362 1171 facerim
390 1096 618 1177 puter-cutum
650 1092 783 1156 omnino
805 1090 875 1156 liti¹
913 1094 946 1156 et
979 1092 1050 1156 loeo
1084 1091 1251 1178 praedicte,

203 1192 290 1257 unde
313 1196 386 1257 orta
407 1192 516 1257 iuerat
539 1195 717 1273 contentio,
742 1194 854 1259 cedere
872 1194 1067 1274 voluerunt3
1090 1216 1133 1259 ne
1147 1193 1252 1271 vobis,

203 1314 285 1378 quos
307 1294 431 1360 habent
462 1296 682 1361 sanctissimos
712 1302 822 1382 patres
855 1300 890 1361 et
923 1296 1133 1362 abundanter
1155 1295 1252 1361 bene·

201 1394 346 1474 factores,
371 1397 424 1461 vel
457 1397 631 1462 minimum
652 1398 837 1484 praeberent
860 1398 1099 1463 offendiculum.
1150 1396 1253 1462 Petiit

202 1496 303 1561 etiam
326 1498 495 1564 humiliter
516 1499 605 1565 idem
626 1499 735 1579 frater,
772 1500 816 1565 ad
846 1504 968 1565 terram
999 1522 1107 1566 coram
1137 1522 1252 1587 procu·

201 1603 309 1665 ratore
330 1600 460 1666 vestr0⁹
482 1602 671 1688 caeterisque
703 1602 862 1667 fratribus
884 1603 1003 1668 vestris
1033 1607 1114 1667 tunc
1143 1623 1252 1667 coram

202 1701 296 1766 nobis
319 1702 536 1790 praesentibus
571 1704 773 1791 provolutus,
797 1704 929 1769 veniam
963 1726 1022 1791 pro
1057 1704 1170 1769 ordine
1193 1726 1252 1769 suo

203 1826 357 1890 supereo
379 1806 477 1892 quod,
493 1806 538 1871 ad
560 1806 641 1872 duos
663 1805 835 1893 praedictos
858 1806 928 1871 dies
949 1806 1029 1887 litis,
1045 1806 1161 1873 fratres
1184 1804 1254 1870 sui³

203 1907 352 1991 praedicti
382 1909 491 1973 minus
513 1931 593 1974 sano
615 1910 666 1974 usi
689 1908 831 1987 consilio,
856 1909 949 1975 velut
980 1931 1014 1974 se
1037 1908 1251 1990 defendendo,

204 1998 348 2074 vestram
393 2010 600 2076 offenderant
643 2014 822 2078 caritatem.
883 2012 1080 2078 Procurator
1125 2033 1254 2098 quoque

204 2109 366 2177 dictorum
388 2112 529 2178 fratrum
551 2114 595 2199 de
616 2114 841 2201 Scardeburge
872 2112 1054 2201 praedicta⁴
1076 2114 1252 2192 notificans,

203 2216 399 2301 supradictis
434 2218 622 2303 exceptioni
653 2222 688 2283 et
716 2217 890 2305 privilegio
920 2216 1155 2304 omnibusque⁶
1181 2217 1255 2281 aliis

203 2318 447 2385 defensionibus
468 2319 533 2385 sibi
558 2321 594 2384 in
615 2320 678 2386 hac
699 2324 794 2407 parte
816 2320 1080 2407 competentibus
1103 2340 1254 2406 expresse

202 2422 418 2488 renunciavit.
462 2422 533 2487 Nos
569 2428 683 2489 autem
721 2444 795 2488 cum
829 2427 1039 2509 procuratore
1072 2427 1183 2489 vestro
1220 2428 1255 2487 et

203 2524 277 2588 aliis
310 2523 469 2590 fratribus
490 2526 610 2591 vestris
633 2524 715 2591 viris
746 2526 895 2591 decretis
927 2532 1009 2592 tunc
1039 2524 1254 2612 presentibus

202 2626 453 2706 considerantes,
476 2628 543 2693 imo
576 2630 683 2715 magis
714 2650 773 2715 pro
801 2635 889 2695 certo
912 2628 1079 2707 habentes,
1104 2627 1201 2714 quod,
1226 2626 1255 2691 si

202 2728 351 2813 praedieti
373 2729 492 2796 fratres
507 2731 548 2796 de
564 2730 790 2819 Scerdeburge
813 2732 856 2796 ab
879 2730 938 2795 illo
962 2736 1043 2797 tuno
1057 2730 1252 2808 recederent,

203 2830 288 2896 sicut
324 2832 502 2897 secundum
533 2832 745 2899 assertionem
778 2833 861 2899 dicti
891 2832 1108 2921 procuratoris
1140 2854 1252 2899 eorum

204 2954 277 2997 cum
314 2936 405 2999 omni
436 2934 625 3001 humilitate
661 2934 697 3000 id
734 2934 976 3002 incontinenti⁶
1007 2936 1111 3001 facere
1143 2934 1253 3022 parati

204 3039 306 3114 erant,
339 3037 442 3102 vestri
476 3038 600 3103 ordinis
630 3038 749 3103 honori
782 3059 850 3103 non
883 3039 1019 3117 cederet,
1055 3037 1113 3103 sed
1146 3037 1253 3125 magis

204 3138 377 3203 candorem
414 3139 511 3205 famae
547 3140 651 3227 ipsius
687 3139 866 3227 plurimum
904 3140 1099 3227 denigraret,
1139 3146 1173 3210 et
1209 3138 1334 3207 aaa.
1347 3152 1418 3205 xlvii.

201 3239 316 3324 pluria
336 3240 451 3327 c'paiccs
472 3242 647 3308 maculam
667 3247 805 3329 poneret
824 3242 1011 3321 notabilem,
1035 3242 1120 3308 sieut
1141 3248 1254 3307 vestra
1266 3230 1305 3274 ²²·

204 3342 356 3409 discretio
388 3344 513 3430 absque
542 3350 656 3410 nostra
686 3344 908 3410 minuatione
939 3344 1110 3410 evidenter
1142 3348 1253 3430 potest

202 3446 409 3532 perpendere,
456 3448 497 3512 de
534 3448 667 3513 consilio
705 3453 740 3513 et
777 3468 934 3513 consensu
977 3446 1138 3513 dictorum
1179 3470 1253 3535 pro·

203 3548 364 3614 curatoria
399 3549 503 3615 vestri
540 3556 575 3615 et
618 3550 767 3630 fratrum,
806 3548 1023 3615 sustinuimus
1061 3549 1252 3637 saepedictos

204 3648 338 3715 Fratres
360 3651 505 3717 Minores
528 3653 569 3717 de
592 3651 818 3739 Scardeburge
844 3652 975 3738 inipso
998 3652 1067 3717 loco
1090 3651 1250 3731 habitare,

204 3750 307 3818 donec
336 3754 497 3839 praedicta
521 3754 617 3820 vobis
649 3754 915 3832 insinuassemus,
940 3759 975 3818 et
1010 3774 1108 3840 super
1141 3774 1252 3818 eorum

203 3874 296 3918 mora
332 3856 370 3919 in
407 3856 497 3921 dieto
533 3856 603 3922 loco
640 3855 696 3921 vel
732 3878 862 3923 recessu
899 3856 941 3921 ab
979 3857 1101 3935 eodem,
1134 3860 1253 3921 vestrae

203 3956 388 4023 voluntatis
410 3980 602 4045 expressum
635 3980 695 4046 per
724 3958 838 4023 literas
859 3964 986 4023 vestras
1008 3962 1161 4045 patentes
1184 3980 1253 4023 sus-

204 4060 384 4146 ceperimus
405 4082 605 4148 responsum.
651 4060 771 4127 Valeat
794 4062 912 4127 caritas
934 4067 1046 4127 vestra
1068 4082 1195 4148 semper
1217 4062 1253 4125 in

205 4161 355 4228 Domino.

236 4469 244 4497 ¹
261 4466 313 4533 lin]
331 4467 383 4529 leu,
394 4467 486 4520 0.C.C.
726 4468 733 4623 1
786 4466 872 4532 ‘qud
892 4474 924 4529 et,
937 4467 1028 4521 C.C.C.

236 4548 247 4577 ²
262 4546 353 4613 cabo]
372 4549 446 4608 ultro,
458 4547 548 4600 CCC.

236 4627 247 4655 ³
262 4625 315 4691 aar]
334 4641 400 4689 auos,
411 4626 569 4687 c.c.c.,01„

236 4705 246 4734 ⁴
258 4704 394 4772 pradictus]
406 4706 552 4770 predictam,
564 4704 614 4756 Ox.

786 4585 981 4651 ‘iumdmtfl
1033 4586 1225 4645 inconvenienti,

726 4627 732 4771 Ι
754 4663 846 4717 ecc.

1050 4882 1120 4943 Η
