3500 5784
609 898 612 903 ·
671 895 850 946 nrrsronn
1219 883 1281 944 211

234 1068 276 1132 ad
307 1089 386 1134 usus
417 1092 605 1138 communes
638 1072 817 1152 hominum,
841 1071 944 1137 altare
966 1070 1002 1136 in
1024 1090 1171 1136 mensam
1205 1087 1282 1157 epu-

232 1169 383 1251 lantium,
406 1172 492 1239 fialae
514 1180 550 1240 et
570 1175 685 1240 calices
706 1176 744 1239 in
765 1175 882 1262 poeula
914 1172 1181 1260 compotantium,
1208 1193 1281 1236 ves·

231 1276 346 1358 tesqua
383 1297 482 1342 sacrae
525 1277 562 1342 in
605 1278 720 1344 laicale
756 1278 995 1343 indumentum.
1056 1275 1141 1342 (lum
1178 1275 1281 1360 igitur

232 1373 348 1440 hurum
391 1400 501 1444 rerum
537 1381 664 1446 naturis
708 1380 1007 1467 incomparabiliter
1051 1380 1096 1444 sit
1141 1378 1281 1443 nobilior

232 1477 373 1544 hominis
394 1486 523 1561 natura,
545 1481 680 1569 ejusque
701 1483 839 1549 sacratio
870 1484 907 1547 in
940 1501 1102 1548 sacrorum
1128 1481 1279 1545 ordinum

231 1583 433 1668 susceptione
462 1584 565 1671 major
598 1586 643 1651 sit
673 1586 791 1651 talium
821 1607 984 1652 sacrorum
1015 1583 1277 1660 sanctificatione

231 1685 416 1771 arctiusque
437 1686 489 1752 his
511 1687 689 1775 deputetur
720 1688 843 1753 divinis
873 1687 1085 1768 ministeriis3
1117 1686 1278 1773 quomodo

231 1807 297 1850 non
319 1792 370 1853 est
391 1789 497 1855 multo
518 1790 623 1878 magis
645 1791 834 1869 execrabile,
850 1811 1030 1875 verumque
1045 1788 1277 1875 aspicientibus

231 1889 304 1974 plus
340 1891 567 1973 abominabile,
602 1893 690 1979 quod
726 1893 822 1959 homo
859 1915 918 1980 per
953 1913 1060 1958 sacros
1092 1892 1220 1957 ordines
1243 1895 1277 1955 et

197 1995 201 2002 '
231 2013 340 2057 curam
370 1994 565 2080 pastoralem
594 1994 764 2061 dedicatus
796 1999 833 2061 et
863 1995 1041 2082 deputatus
1071 1995 1184 2060 divino
1216 1994 1277 2057 mi·

231 2095 373 2175 misterio,
405 2104 576 2164 revocatur
597 2099 639 2163 ad
671 2099 816 2164 seculum
838 2120 897 2185 per
918 2098 1137 2164 ministerium
1168 2097 1277 2183 impli-

230 2197 343 2262 catus¹
376 2201 513 2265 seculari
534 2200 692 2288 negotiol
737 2201 907 2279 Praeterea,
932 2201 1018 2266 sicut
1039 2199 1096 2265 in¹
1120 2199 1274 2266 decretali
1287 2209 1444 2265 arimin.

230 2299 368 2384 epistola
397 2296 558 2389 'scriptum
591 2309 649 2382 est,
683 2302 853 2369 micale
883 2302 1028 2389 nepotis
1051 2302 1170 2388 quibus
1204 2323 1276 2388 pro-

230 2400 324 2467 hibet
345 2402 523 2490 Apostolus
553 2404 745 2472 militariter
777 2405 846 2472 Deo
884 2403 1076 2492 implicari,
1114 2405 1275 2470 ministris

230 2504 343 2570 altaris
365 2528 493 2572 necnon
515 2513 549 2573 et
571 2508 737 2573 monachis
759 2509 892 2573 omnino
921 2513 1000 2574 sunt
1029 2508 1211 2586 interdieta,
1236 2507 1277 2572 de
1323 2499 1326 2506 ’

230 2628 367 2692 quorum
390 2611 583 2676 secularium
605 2612 811 2698 negotiorum
832 2633 976 2689 numero,
1000 2611 1084 2676 sicut
1106 2611 1142 2675 in
1163 2608 1277 2674 eadem

230 2710 386 2797 scriptum
408 2719 466 2794 est,
491 2715 713 2779 contentiones
736 2714 789 2780 vel
811 2713 887 2779 lites
909 2714 962 2779 vel
991 2713 1080 2778 rixas
1103 2734 1218 2790 amare,
1242 2717 1277 2776 et

230 2812 265 2875 in
302 2815 431 2900 placitis
468 2817 665 2882 secularibus
702 2817 880 2904 disputare,
918 2821 1055 2902 excepta
1091 2815 1277 2880 defensione

230 2915 447 3001 orphanorum
468 2920 528 2984 aut
550 2919 733 2986 viduarum.
779 2917 864 2984 Cum
895 2918 999 3005 igitur
1019 2917 1165 3003 judicem
1188 2937 1276 2982 seeu-

230 3017 332 3083 larem
354 3026 503 3107 oporteat
532 3021 568 3085 in
593 3021 722 3108 placitis
743 3020 941 3086 secularibus
964 3019 1139 3106 disputare,
1163 3019 1191 3083 si
1214 3019 1277 3082 mi-

230 3123 282 3185 ter
302 3121 415 3188 altaris
445 3124 498 3189 vel
531 3111 711 3190 monachus
736 3123 949 3190 constituitur
974 3122 1080 3208 judex
1115 3120 1274 3199 secularis,

230 3229 359 3309 oportet
380 3247 456 3291 eum
478 3225 627 3292 incidere¹
651 3227 688 3290 in
718 3225 801 3291 illud
824 3225 912 3312 quod
934 3224 966 3290 ei
988 3222 1200 3290 interdictum
1226 3227 1278 3288 est

230 3327 426 3394 auctoritate
447 3328 598 3414 Apostoli
620 3335 656 3395 et
677 3329 871 3394 universalis
901 3327 1050 3406 ecclesiae,
1073 3349 1111 3392 ac
1133 3347 1192 3413 per
1214 3327 1275 3390 hec

230 3434 358 3494 reatum
395 3430 628 3496 inobedientia
661 3431 833 3511 incurrere,
868 3431 926 3516 qui
958 3429 1060 3517 quasi
1092 3429 1198 3496 scelus
1228 3434 1275 3494 est
1290 3436 1301 3480 1
1316 3430 1381 3482 Sam.
1394 3447 1437 3486 xv.

230 3528 436 3598 mantra
459 3541 490 3599 a
510 3532 699 3600 amaea
746 3532 873 3599 aarum
895 3534 931 3598 a
953 3533 1017 3598 aa
1039 3531 1192 3598 aeaeae
1214 3504 1328 3596 susi·

230 3631 499 3701 interminatione
532 3635 751 3701 anathematis
773 3636 949 3714 inhibetur,
982 3636 1097 3722 nequis
1129 3635 1276 3701 sacerdos

230 3735 371 3803 officium
407 3738 551 3804 habeat²
587 3739 786 3806 vicecomitis
823 3743 884 3809 aut
921 3739 1088 3825 praepositi
1118 3739 1279 3805 secularis.

169 3870 174 3884 ¹
233 3838 358 3905 Iterum
380 3841 447 3906 alia
468 3841 637 3907 decretalis
659 3841 811 3928 prohibet
832 3842 1067 3928 nequisquam
1089 3841 1278 3908 clericorum

232 3963 380 4009 exercerc
401 3951 579 4030 praesumat
601 3946 842 4031 procurationes
863 3943 1027 4025 villarum,
1051 3948 1110 4010 aut
1128 3943 1283 4030 jurisdic-

232 4047 337 4112 tiones
382 4047 482 4114 etiam
513 4048 672 4115 seculares
709 4048 771 4112 sub
809 4047 974 4134 aliquibus
1007 4046 1209 4133 principibus
1246 4051 1281 4110 et

233 4149 432 4216 secularibus
455 4151 544 4229 viris,
578 4157 618 4216 ut
647 4150 822 4236 justitiarii
852 4171 966 4215 eorum
996 4149 1088 4214 fiant
1150 4148 1282 4234 Siquis

230 4257 342 4317 autem
356 4253 511 4319 adversus
525 4253 595 4319 haec
608 4254 763 4319 advenire
777 4251 999 4340 temptaverit,
1010 4252 1052 4316 ab
1071 4251 1282 4317 eeclesiastico

231 4354 412 4420 ministerio
434 4357 495 4421 fiat
523 4356 672 4437 alienus3
705 4355 872 4441 religiosis,
906 4354 934 4419 si
965 4355 1137 4441 quisquam
1171 4375 1282 4417 eorum

229 4457 356 4542 aliquid
370 4459 601 4545 praedictorum
616 4457 872 4543 attemptaverit,
895 4455 1075 4522 districtius
1100 4455 1281 4543 puniendis.

276 4559 361 4624 (lum
383 4562 486 4647 igitur
515 4562 669 4627 adversus
699 4561 847 4626 naturale
873 4559 930 4645 jus
956 4566 990 4624 et
1024 4559 1175 4624 divinum
1200 4557 1283 4622 nulli

268 4779 339 4829 'On
350 4777 510 4831 insertam.
772 4777 778 4842 Ι
824 4775 952 4844 Ἰιαὸεαῇ
970 4793 1019 4828 om.
1032 4776 1123 4830 ace.

1082 4873 1104 4920 o
1128 4860 1147 4920 2
