3500 5784
737 874 916 926 moroan.
1010 899 1013 906 -
1286 859 1349 924 221

304 1055 449 1135 tempore
470 1048 591 1114 referri.
636 1047 784 1129 Quodsi
814 1049 904 1114 dicat
926 1047 999 1133 quis
1031 1069 1098 1112 non
1119 1047 1219 1113 furiose
1249 1066 1354 1112 unum

304 1156 338 1216 et
360 1151 499 1217 eundem
521 1152 722 1217 sacerdotem
744 1150 886 1217 Levitioi
920 1151 1048 1238 generis
1082 1156 1117 1215 et
1159 1149 1354 1234 adjudicem,

303 1254 361 1318 sed
384 1254 538 1333 diversos,
561 1257 596 1319 et
612 1252 760 1338 judicem
791 1252 926 1339 quidem
958 1275 1025 1318 non
1057 1251 1158 1318 trisse
1193 1252 1354 1328 Levitem,

304 1356 362 1422 aed
384 1355 425 1421 de
456 1356 548 1422 tribu
574 1355 648 1434 alia,
672 1377 710 1420 ac
741 1376 799 1442 per
820 1355 891 1435 hoc,
922 1360 963 1420 ut
993 1375 1036 1419 ex
1068 1353 1127 1420 illa
1157 1355 1355 1420 auctoritate

225 1521 228 1527 .
304 1457 437 1523 videtur
458 1479 551 1545 poem
572 1457 690 1544 colligi,
710 1457 941 1522 determinatio
955 1455 1137 1522 difficilium
1152 1460 1187 1521 et
1208 1457 1358 1543 ambigu-

305 1581 398 1625 orum
416 1559 706 1645 judiciorum-non
727 1560 893 1646 pertineat
910 1558 1017 1624 solum
1038 1558 1081 1623 ad
1104 1579 1208 1645 genus
1231 1557 1356 1624 Leviti-

304 1683 400 1742 cum;
422 1667 458 1730 et
479 1684 500 1727 a
520 1661 622 1727 simili
643 1667 762 1748 arguat
783 1661 1094 1728 determinationem
1127 1660 1356 1748 ambiguorum

305 1763 394 1829 inter
415 1763 583 1830 eeclesiam
605 1768 640 1828 et
662 1763 806 1830 seculum
819 1784 888 1827 non
903 1784 972 1828 esse
995 1762 1102 1828 solum
1120 1763 1242 1849 judicis
1258 1761 1357 1828 eccle·

305 1865 449 1931 siastici:
475 1866 592 1932 saltem
622 1865 777 1932 concedet
800 1865 1109 1931 determinationem
1139 1865 1257 1930 talium
1287 1885 1356 1930 esse

300 1967 424 2053 judicis
437 1967 651 2046 micantior,
675 1967 831 2052 adjuncto
853 1967 918 2034 eibi
936 1966 1050 2053 judice
1072 1965 1219 2045 seculari,
1241 1987 1356 2052 quam-

306 2091 405 2155 quam
419 2069 650 2135 determinatio
665 2068 807 2136 difficilis
822 2073 857 2134 et
871 2069 1019 2157 ambigui
1029 2068 1157 2154 judicii,
1173 2067 1213 2134 de
1236 2090 1303 2154 qua
1316 2068 1357 2134 fit

305 2171 430 2236 mentio
451 2170 489 2236 in
510 2171 774 2249 Deuteronomio,
801 2193 868 2236 non
899 2175 971 2236 tam
993 2171 1127 2238 videtur
1153 2192 1222 2236 esse
1239 2169 1358 2256 judicii

305 2273 393 2340 inter
431 2274 595 2361 principes
631 2295 809 2361 synagogae
841 2279 876 2340 et
906 2274 1065 2361 populum
1108 2293 1207 2360 quam
1240 2272 1358 2358 judicii

306 2376 408 2461 ipaius
434 2376 557 2463 populi,
591 2376 620 2441 si
653 2376 755 2441 fuerit
788 2374 921 2441 difficile
955 2381 990 2440 et
1024 2376 1225 2462 ambiguum.
1271 2375 1358 2442 (lon-

305 2477 457 2544 vincetur
478 2478 581 2564 igitur
602 2477 649 2543 sic
664 2477 887 2544 diversificare
904 2478 993 2544 inter
1015 2479 1199 2544 sacerdotes
1217 2477 1357 2545 Levitioi

305 2580 433 2666 generis
474 2584 509 2646 et
546 2579 674 2665 judices
706 2580 797 2646 illius
841 2581 1008 2668 temporis,
1049 2579 1357 2646 determinationem

306 2681 491 2767 hujusmodi
529 2681 757 2769 ambiguorum
787 2682 978 2748 nullatenus
1008 2703 1076 2748 esse
1112 2681 1212 2748 solius
1236 2681 1358 2767 judicis

305 2783 477 2864 secularis5
512 2783 658 2869 quinimo
688 2806 762 2849 cum
796 2783 966 2850 distinctio
996 2783 1184 2869 hujusmodi
1222 2784 1354 2849 diversi·

305 2886 386 2952 tatis
401 2886 488 2952 inter
509 2885 693 2952 sacerdotes
715 2891 750 2952 et
767 2886 895 2971 judices
918 2885 1011 2952 nulle
1032 2885 1136 2972 possit
1158 2887 1357 2952 auctoritate

306 2987 439 3068 firmari,
462 2989 521 3054 sed
542 2989 652 3075 potius
674 2988 719 3054 eit
733 2988 823 3053 fictio
838 2987 946 3052 cordis
957 2988 1125 3074 loquentis
1145 3009 1187 3054 ex
1208 2988 1358 3076 propriis,

307 3090 485 3156 secundum
508 3091 732 3177 supradictum
746 3089 910 3155 rationem
926 3089 1114 3176 hujusmodi
1129 3090 1357 3178 ambiguorum

306 3192 537 3260 determinatio
552 3193 710 3279 competit
724 3197 857 3258 tentum
874 3191 981 3278 judici
997 3191 1219 3259 ecclesiastico.
1260 3191 1357 3272 Quod

305 3299 340 3360 et
362 3295 399 3359 in
422 3294 578 3361 decretali
592 3294 732 3380 epistola
752 3294 834 3360 satis
858 3293 1030 3360 evidenter
1053 3295 1192 3382 exprimi
1214 3293 1358 3372 videtur,

306 3396 365 3462 nbi
396 3400 621 3483 suprateotum
660 3395 911 3463 Deuteronomii
945 3402 1145 3484 praeceptum
1182 3419 1204 3462 a
1236 3401 1357 3490 sanctae

306 3500 471 3564 memoriae
527 3497 721 3564 Innocentio
780 3498 881 3564 tertio
937 3497 1120 3565 luculenter
1172 3498 1356 3586 exponitur.

308 3603 477 3682 Praeterea,
523 3603 612 3688 quod
655 3602 791 3690 gravius
835 3606 894 3682 est,
954 3609 1159 3690 praesumunt
1208 3604 1357 3691 praedicti

306 3705 449 3771 forenses
478 3704 606 3790 judices
637 3725 750 3770 musas
780 3725 862 3791 pure
895 3704 1131 3774 ecclesiasticas
1154 3705 1358 3790 judicialiter

306 3808 546 3890 determinare3
567 3811 693 3893 utpote,
716 3811 829 3871 utrum
848 3807 889 3870 de
911 3805 1096 3892 lapicidinis
1111 3810 1146 3872 et
1170 3807 1357 3873 nemoribus

306 3915 341 3974 et
363 3909 558 3994 quibusdam
593 3908 782 3994 hujusmodi
815 3907 958 3974 debeant
980 3908 1065 3974 solvi
1095 3908 1253 3990 decimae3
1283 3931 1357 3974 cum

307 4012 388 4098 quid
432 4013 477 4077 sit
514 4010 713 4090 decimabile,
745 4010 846 4077 solius
877 4011 924 4076 sit
958 4009 1099 4076 eeclesiae
1131 4009 1356 4078 determinare.

308 4113 468 4180 Similiter
490 4114 713 4180 determinant
731 4112 942 4199 judicialiter,
967 4117 1082 4178 utrum
1115 4112 1192 4178 talis
1224 4113 1358 4178 ecclesia

306 4216 362 4282 vel
383 4216 506 4304 capella
528 4216 648 4281 habere
670 4213 790 4279 debeat
823 4214 1056 4302 baptisterium
1081 4217 1116 4279 et
1147 4215 1356 4301 sepulturam,

307 4325 343 4383 et
364 4318 560 4404 hujusmodi,
584 4339 658 4383 cum
690 4316 890 4402 Baptismus,
914 4315 1004 4382 nullo
1036 4315 1219 4394 dubitante,
1252 4338 1356 4382 sacra-
1369 4361 1447 4428 Epist.
1459 4365 1513 4416 viii.

307 4424 456 4485 mentum
478 4421 524 4484 sit
545 4418 806 4497 ecclesiasticum,
830 4423 865 4482 et
888 4417 1056 4504 seprdtura
1081 4439 1180 4496 sacra,
1204 4417 1402 4504 locusquem
1419 4430 1488 4482 iae.

307 4543 397 4586 sacer
427 4522 484 4608 qui
506 4521 683 4608 sepulturae
706 4519 906 4606 deputatur3
931 4519 1020 4584 unde
1055 4523 1090 4583 et
1122 4523 1289 4584 exactores
1322 4526 1357 4585 et
1368 4495 1529 4626 {egffit

307 4629 488 4710 acceptores
509 4623 610 4710 pretii
631 4645 691 4709 pro
713 4621 891 4708 sepulture,
915 4619 1116 4686 testantibus
1147 4621 1253 4688 beatis
1276 4621 1473 4710 ere-inpos

307 4725 399 4811 gorio
421 4730 456 4790 et
477 4725 660 4804 Jeronimo,
681 4723 842 4811 grandem
873 4721 1001 4810 cudpam
1033 4723 1215 4804 incurrunt,
1239 4728 1274 4789 et
1295 4724 1357 4788 im·
1368 4711 1443 4828 5ss
1451 4703 1496 4815 ἐξ

306 4827 441 4916 pietatis
461 4827 590 4895 macula
610 4826 747 4914 paganis
779 4825 867 4891 fiunt
900 4823 1102 4912 posteriores,
1132 4846 1206 4890 cum
1241 4825 1356 4892 Effron
1369 4835 1425 4880 ³⁴⁰·
1482 4804 1488 4820 ⁸
