3500 5784
501 833 567 895 302
819 846 964 895 nonusrr
987 846 1216 895 orossrrnsrn

500 1019 621 1087 ocium
655 1026 686 1085 ct
721 1026 959 1085 amnerrtotnm
997 1026 1028 1085 ct
1063 1018 1118 1085 lris
1148 1042 1223 1106 pune
1250 1018 1398 1105 mistro
1434 1024 1544 1089 munt

496 1120 656 1209 pepercit.
701 1120 780 1187 Non
810 1122 915 1210 igitur
937 1122 1136 1209 parcendum
1170 1128 1221 1187 cet
1252 1123 1439 1211 iniquitnti3
1461 1122 1544 1207 quin

500 1226 586 1289 sicut
622 1228 822 1311 paeceptum
858 1230 910 1289 est
947 1223 1046 1301 sculi,
1084 1225 1239 1290 universo
1274 1226 1477 1310 percutiatur
1509 1230 1547 1288 et

500 1327 720 1393 interficiatur
747 1327 786 1391 in
807 1348 863 1391 ore
884 1327 996 1414 gladii,
1020 1334 1310 1413 quantumcunque
1331 1328 1463 1404 fuerint,
1487 1328 1544 1411 qui

500 1430 711 1516 iniquitstem
755 1430 890 1509 fnciunt,
927 1428 1098 1517 dignitate,
1136 1431 1294 1517 potentis,
1332 1430 1467 1508 divitiis,
1490 1428 1546 1493 vel

501 1533 713 1598 scientiarum
734 1531 976 1619 pulchritudine
998 1532 1147 1618 praediti3
1179 1554 1222 1597 ne
1255 1532 1312 1617 qui
1333 1532 1447 1618 parcit,
1470 1552 1546 1595 cum

502 1633 601 1700 Saule
632 1634 794 1720 deperent
840 1632 926 1699 cnm
958 1634 1070 1721 igitur,
1102 1633 1188 1699 sicut
1218 1656 1322 1719 nuper
1342 1633 1437 1699 vobis
1468 1632 1548 1699 scri·

502 1735 610 1803 bendo
630 1734 810 1822 tetigimus,
825 1735 1004 1801 adversarii
1026 1738 1130 1801 nostri
1152 1736 1245 1801 velut
1266 1736 1408 1801 finaliter
1428 1736 1465 1799 in
1486 1756 1547 1799 sus

501 1839 679 1925 perdurent
715 1837 934 1924 multiplicato
969 1837 1108 1904 nimium
1145 1844 1180 1903 et
1215 1842 1397 1925 aggravata
1432 1842 1546 1902 contu-

502 1940 615 2019 mucis,
647 1962 708 2006 nec
743 1940 833 2005 ultro
867 1939 956 2005 hunc
993 1940 1080 2005 diem
1113 1941 1201 2007 litis.
1215 1941 1420 2027 relinquetur
1451 1940 1546 2005 nobis

503 2048 647 2130 potestus
677 2042 868 2129 punitionis,
891 2041 1045 2109 ostendet
1077 2064 1111 2109 se
1134 2043 1178 2107 sd
1199 2042 1289 2109 hunc
1310 2044 1398 2109 diem
1422 2042 1547 2128 Moysis

502 2144 644 2209 virilitas
677 2148 713 2208 et
747 2142 919 2224 fortitudo,
950 2166 1018 2209 non
1050 2143 1129 2210 Heli
1160 2150 1220 2211 sut
1254 2144 1363 2210 Saulis
1392 2144 1545 2209 remissio.

504 2247 574 2312 Nec
594 2247 661 2311 ists
681 2246 851 2311 scribimus
872 2244 966 2311 velut
987 2268 1047 2312 vos
1079 2247 1120 2312 de
1150 2246 1339 2313 remissione
1364 2250 1546 2333 arguentes,

504 2348 562 2413 sed
592 2346 678 2413 sicut
709 2369 816 2433 nuper
846 2369 906 2434 per
934 2348 1065 2413 literam
1102 2354 1249 2415 nostrum
1279 2348 1373 2414 vobis
1402 2348 1548 2412 insinuo-

336 2464 479 2517 ouuns
504 2449 620 2529 vimus,
643 2449 737 2514 velut
760 2449 929 2514 “admisso
950 2448 1055 2515 calcar
1076 2450 1287 2517 subdentes?
1309 2451 1397 2516 obsit
1417 2449 1502 2515 enim
1525 2471 1548 2511 a

335 2538 429 2598 ¹³·²⁹⁶·
504 2551 607 2630 vobis,
640 2555 680 2615 ut
717 2551 776 2637 qui
810 2552 941 2617 fortiter
976 2552 1144 2638 incepistis
1180 2554 1278 2619 etism
1314 2552 1413 2617 sortis
1448 2551 1548 2637 regiae

504 2652 735 2741 prohibitionis
779 2653 943 2741 repagulo,
973 2654 1067 2720 velut
1104 2676 1297 2720 aranearum
1333 2655 1399 2735 fila,
1423 2652 1548 2719 dirum-

503 2762 627 2843 pentes,
649 2757 686 2820 in
719 2755 784 2821 fine
815 2755 941 2821 remissi
976 2756 1209 2822 inveniremini
1216 2781 1225 2838 ;
1246 2756 1383 2823 violenti
1405 2776 1548 2840 nomque

504 2862 614 2924 motus
650 2864 686 2923 et
721 2861 842 2944 praeter
880 2861 1034 2923 usturam
1071 2858 1160 2939 facti,
1198 2860 1234 2923 in
1271 2857 1431 2945 principio
1467 2862 1548 2921 sunt

503 2959 612 3038 fortes,
643 2960 681 3025 in
712 2960 779 3023 fine
809 2964 922 3025 autem
952 2961 1086 3026 omnino
1109 2960 1251 3041 remissi3
1282 2959 1446 3025 naturales
1467 2980 1548 3023 vcro

503 3067 612 3126 motus
633 3082 806 3127 econverso
827 3061 864 3126 in
884 3060 1047 3148 principio
1068 3062 1274 3141 remissiores,
1290 3062 1327 3127 in
1349 3062 1414 3127 fine
1436 3066 1548 3125 cutem

502 3162 680 3229 fortissimi
726 3163 889 3229 Naturam
926 3184 985 3229 vos
1022 3163 1148 3230 imituri
1186 3164 1287 3241 decet,
1325 3186 1391 3229 non
1425 3162 1550 3229 violen-

503 3264 594 3330 tiam.
638 3264 758 3331 Valent
779 3265 961 3353 paternitas
983 3271 1094 3333 vestro
1115 3288 1241 3353 semper
1263 3266 1300 3331 in
1321 3265 1470 3333 Domino.

965 3490 1088 3557 ΧΟΙΧ.

338 3618 498 3749 ‚me
514 3632 709 3703 rencone
740 3634 784 3701 n
823 3634 955 3704 conso
983 3636 1084 3723 paen
1122 3636 1295 3717 wacena,
1332 3636 1398 3704 mr
1431 3635 1549 3725 grans

340 3763 479 3829 cmolupe.
601 3737 830 3823 Wtyornienst
888 3736 1059 3825 Episcopo,
1115 3738 1286 3819 Rutenos,
1312 3740 1548 3823 *micernium

596 3840 722 3907 diuina
743 3839 1002 3907 lincolniensis
1031 3840 1169 3908 ccckm'n
1200 3840 1361 3909 minister·
1392 3842 1548 3923 humilis,

594 3942 739 4010 salntem
771 3950 801 4011 ct
822 3942 995 4011 curceium
1025 3944 1069 4010 in
1090 3944 1240 4013 Domino
1273 3944 1429 4013 caritatis
1463 3968 1547 4033 utrq-

594 4052 759 4112 nrcntnnc

340 4199 477 4279 sonoro
551 4191 727 4261 Intimovit
747 4193 843 4260 nobis
864 4218 906 4261 cx
938 4201 1032 4283 porte
1055 4194 1237 4262 dilectionis
1258 4200 1378 4263 vestrae
1411 4196 1548 4262 dilectus

339 4267 495 4385 {ieviffi
508 4292 643 4361 clericus
656 4299 769 4361 noster
785 4294 946 4383 Magister
970 4296 1167 4379 Leonordus,
1184 4298 1272 4384 quod
1292 4302 1442 4363 nostrum
1464 4299 1546 4364 desi-

339 4397 630 4478 teztstohisderatis
652 4398 766 4464 audire
791 4399 972 4482 consilium,
995 4406 1109 4467 utrum
1132 4400 1286 4467 videlicet
1312 4401 1546 4466 transeundum

339 4480 479 4584 ffiffi,
507 4500 552 4565 sit
573 4499 668 4566 vobis
705 4522 779 4565 cum
816 4501 950 4567 domino
987 4522 1062 4589 rege
1096 4502 1133 4567 in
1168 4508 1277 4590 partes
1313 4502 1546 4569 transmarinus

336 4611 382 4648 ¹⁰⁸
392 4598 454 4650 '5²¹¹
506 4622 609 4688 usque
633 4602 677 4668 ud
698 4607 824 4668 certum
838 4602 1027 4685 terminum,
1050 4604 1092 4669 od
1115 4605 1325 4671 tractandum
1347 4604 1545 4670 solummodo

339 4662 463 4731 ‘mm'
505 4703 547 4769 de
569 4726 648 4791 prce
668 4704 757 4770 inter
770 4704 877 4791 ipsum
900 4710 934 4773 et
956 4728 1031 4773 suos
1053 4705 1264 4787 adversarios,
1277 4714 1322 4779 ,et
1345 4708 1405 4773 hoc
1427 4708 1470 4773 cd
1492 4729 1544 4772 ex·
