3500 5784
649 908 827 959 nersronn.
1198 896 1265 959 tot

263 1078 409 1145 Medicus
423 1080 580 1167 spiritalis
595 1088 645 1149 est
667 1084 842 1169 episcopus,
861 1082 954 1169 cujus
975 1102 1062 1147 curre
1083 1080 1431 1177 commisse-Thevtieuop,

218 1186 297 1247 sunt
335 1204 445 1249 omnes
482 1184 601 1249 enimes
633 1206 700 1251 suae
737 1184 892 1263 dioecesis,
922 1191 963 1250 ut
993 1206 1051 1252 suo
1080 1168 1430 1279 ministeriofflffilf

215 1304 303 1349 sense
326 1292 559 1351 conserventur
582 1291 616 1353 et
646 1291 779 1373 oegrotae
806 1293 972 1353 sonentur.
1027 1285 1073 1353 Et
1106 1286 1181 1373 quis
1210 1290 1260 1351 est
1273 1244 1430 1375 neiauprlo

218 1386 361 1453 medicus
399 1389 464 1473 qui,
499 1388 575 1455 licet
613 1394 746 1476 propter
782 1390 1031 1455 multitudinem
1068 1410 1136 1455 euae
1174 1410 1260 1454 curae
1272 1370 1394 1491 ffiffie

216 1490 458 1557 commissorum
494 1492 616 1557 habent
653 1492 688 1559 in
734 1492 786 1558 sui
819 1492 994 1557 ministerii
1025 1489 1260 1557 adminiculum
1272 1495 1417 1559 phyriona

217 1591 277 1656 sub
299 1614 333 1657 se
365 1594 560 1661 constitutos
593 1594 735 1661 minores
771 1594 919 1672 medicos,
953 1616 1020 1660 non
1046 1597 1156 1680 potest

216 1713 300 1761 ourae
343 1696 537 1773 commissos,
583 1696 709 1781 quoties
746 1695 899 1783 expedire
942 1694 1072 1772 viderit,
1115 1693 1259 1773 visitare,
1317 1696 1322 1703 ’

216 1814 328 1860 causas
374 1801 408 1862 et
453 1796 546 1883 signe
582 1797 770 1863 morborum
803 1797 1011 1883 investigere,
1049 1802 1085 1863 et
1121 1796 1261 1881 qualitor

216 1896 333 1963 medici
354 1896 522 1966 inferiores
536 1898 677 1967 officium
697 1899 873 1967 curationis
895 1900 1029 1986 egerint,
1044 1899 1261 1985 per-scrutum

216 2004 250 2063 et
272 2000 300 2065 si
322 2001 402 2086 quid
432 2000 597 2069 invenerit
629 2001 758 2069 minus¹
782 2008 891 2069 ectum
926 2024 984 2089 per
1027 2023 1082 2069 eos
1123 2002 1261 2087 ipsemet

216 2102 374 2189 supplere,
409 2103 600 2171 inferiorum
622 2105 821 2173 medicorum
857 2104 1055 2191 imperitiam
1088 2104 1260 2185 instruere,

215 2206 448 2292 negligentiam
478 2207 602 2293 punire,
627 2229 767 2275 errorem
790 2208 956 2294 corrigere,
979 2214 1014 2273 et
1044 2206 1095 2273 oui
1117 2205 1261 2273 voluerit

216 2309 256 2374 de
294 2308 540 2395 aegrotantibus,
578 2311 745 2397 potionem
781 2309 959 2376 senitivem
996 2329 1092 2396 opere
1129 2306 1260 2396 proprio

216 2432 330 2495 perere
367 2433 531 2497 menuque
567 2412 698 2501 proprie
735 2412 922 2498 porrigeret
966 2410 1056 2492 Quin
1092 2411 1159 2476 imo
1196 2410 1260 2477 nisi

216 2510 285 2577 haec
309 2516 344 2579 et
364 2512 554 2598 hujusmodi
577 2514 699 2591 fecerit,
720 2513 864 2581 medicus
896 2518 947 2580 est
978 2512 1126 2579 infidelis
1171 2512 1259 2593 Quo·

215 2614 312 2681 modo
333 2614 437 2701 igitur
458 2616 614 2701 spiritalis
636 2617 779 2683 medicus
794 2637 861 2681 non
882 2616 982 2681 faciet
1002 2616 1072 2682 haec
1092 2620 1126 2680 et
1147 2614 1260 2701 hujus-

216 2716 305 2781 modi
326 2715 423 2783 officii
445 2717 497 2784 eui
519 2718 700 2785 ministerio
723 2718 901 2785 secuudum
922 2718 973 2783 eui
999 2717 1257 2805 possibilitatem,

216 2823 310 2884 tento
332 2818 526 2907 vigilantius
549 2824 673 2906 quanto
696 2820 808 2887 anime
829 2825 881 2887 eet
913 2820 1027 2885 melior
1060 2841 1201 2907 corpore,
1224 2808 1262 2885 et

215 2920 371 3007 spiritalis
393 2922 517 2987 sunites
539 2923 654 2988 melior
685 2928 721 2989 et
743 2923 846 3011 magis
884 2922 1064 2989 necessarie
1100 2922 1256 3009 corporali

215 3023 364 3105 senitete,
387 3031 422 3089 et
454 3024 615 3111 negritudo
642 3025 776 3113 spiritus
799 3024 941 3092 deterior
973 3025 1130 3112 corporali
1164 3024 1260 3111 ecgri-

216 3124 353 3191 tudinet
412 3125 527 3193 Solent
549 3128 728 3213 prudentes
750 3132 784 3195 et
805 3128 854 3214 pii
874 3126 994 3195 medici
1014 3127 1096 3193 elios
1117 3126 1260 3193 medicos

214 3226 278 3292 sibi
314 3249 382 3294 non
415 3229 584 3315 subjectos,
619 3230 676 3295 sed
699 3252 862 3317 compares
895 3233 932 3296 et
964 3230 1072 3309 socios,
1104 3231 1147 3295 ed
1184 3252 1259 3295 suos

214 3329 375 3416 potientes
396 3330 579 3398 visitandos
600 3332 813 3399 introducere.
866 3332 965 3399 Nunc
987 3337 1097 3399 sutem
1127 3332 1260 3398 inferio·

214 3454 264 3497 res
296 3433 413 3499 medici
444 3434 636 3521 magistrum
659 3435 827 3523 proprium
848 3458 869 3500 e
901 3433 1089 3500 visitando⁹
1109 3436 1260 3522 magistri

214 3534 376 3619 potientes
397 3537 543 3624 proprios
566 3538 691 3603 viribus
719 3537 869 3603 omnibus
900 3538 1057 3604 nituntur
1086 3538 1260 3625 repellere;

215 3658 280 3722 quo
302 3638 454 3723 quidest
476 3639 582 3727 magis
603 3639 743 3726 impium
765 3639 911 3725 magisve
932 3640 1083 3705 crudele?

259 3740 302 3805 In
333 3740 485 3807 omnibus
518 3742 666 3808 artificiis
700 3742 831 3808 artificii
864 3748 899 3807 et
920 3741 1082 3808 artificum
1103 3743 1260 3829 magister
1271 3751 1413 3811 hellue,

213 3840 313 3909 libere
343 3848 453 3929 potest
485 3844 571 3911 sicut
604 3846 702 3911 debet
734 3845 943 3911 meterierum
973 3844 1107 3911 artificii
1135 3846 1194 3923 sui,
1225 3820 1425 3937 &them
1498 3855 1504 3866 “

213 3945 315 4032 ipsius
348 3948 597 4013 constructionis
634 3946 772 4027 artificii,
805 3947 1097 4013 instrumentorum
1131 3968 1259 4033 quoque
1272 3901 1420 4033 &nunes

213 4050 463 4115 necessarionrm
506 4051 543 4115 in
588 4050 732 4129 artificio,
777 4050 1000 4137 proprietates,
1050 4022 1386 4138 diti‘orentiso,{2¹1²}{m‘}e

213 4150 333 4233 modos,
372 4156 406 4217 et
440 4152 722 4219 circumstanties³
759 4152 957 4240 investigere
993 4157 1029 4218 et
1065 4153 1259 4239 perscrutari
1270 4154 1376 4207 ercum-

248 4531 255 4563 ¹
271 4533 362 4599 minue]
380 4548 428 4585 om.
442 4534 513 4587 000.
796 4538 806 4567 ⁸
822 4536 1070 4602 estimationem]
1091 4552 1140 4587 om.
1163 4536 1262 4598 0.0.0.,

246 4612 399 4680 'vinum
410 4614 558 4676 risinnone,
571 4615 713 4682 Gmcoigne
764 4615 806 4665 the
826 4614 907 4665 scribe
917 4616 1018 4681 leaving
1033 4632 1049 4667 e
1065 4616 1142 4666 blank
1163 4617 1202 4666 for
1219 4618 1262 4668 the

213 4690 239 4740 in
251 4690 302 4743 Ox.
764 4696 916 4746 tworrorde.

1023 4776 1131 4839 oct
