3500 5784
665 862 841 913 arrsroum
1214 844 1278 908 385

235 1034 371 1101 eandem
393 1034 571 1121 suscipiet?
604 1032 682 1098 Non
704 1032 808 1119 igitur
828 1030 1005 1117 injuriatur
1026 1029 1200 1117 episcopus,
1223 1032 1280 1097 sed

236 1137 341 1225 magis
363 1136 614 1203 misericorditer
643 1136 714 1222 agit
724 1133 745 1216 ¹,
776 1156 849 1199 cum
876 1133 940 1199 sibi
963 1132 1111 1219 subjecto
1132 1132 1278 1218 praelato,

235 1262 308 1305 cum
354 1239 499 1305 unimam
552 1242 724 1318 errantem,
770 1236 848 1302 licet
903 1257 989 1301 curae
1043 1234 1206 1300 inferioris
1236 1235 1279 1300 ab

236 1342 384 1430 episcopo
429 1341 596 1418 traditum,
645 1340 722 1427 quia
766 1360 833 1405 suae
869 1338 975 1423 magis
1011 1342 1063 1403 est
1099 1337 1277 1416 commissa,

234 1444 369 1523 reducit,
407 1466 475 1510 non
519 1444 624 1509 solum
669 1462 748 1507 voce
792 1440 1035 1529 praedicationis
1079 1440 1278 1527 increpante,

235 1546 415 1612 sedetiam
437 1547 474 1611 in
496 1546 591 1633 virga
621 1543 843 1610 ecclesiasticae
870 1542 1058 1629 disciplinae,
1080 1542 1117 1607 in
1139 1543 1280 1609 ecclesiae
1292 1552 1445 1605 Therm-

233 1648 405 1728 unitatem,
440 1669 514 1735 quae
547 1646 661 1713 eadem
692 1650 742 1711 est
774 1645 891 1711 domus
924 1646 1102 1732 utriusque,
1139 1650 1180 1711 ut
1210 1646 1280 1731 ipse
1292 1620 1440 1738 {iffiffi

234 1750 399 1835 subjectus
429 1750 527 1816 simul
557 1772 630 1815 curn
653 1748 829 1836 praeposito
853 1747 917 1813 sibi
939 1748 1089 1835 episcopo
1111 1770 1183 1813 eam
1205 1768 1279 1833 quae
1292 1752 1422 1818 complice

233 1854 442 1919 aberraverat
474 1853 517 1919 ab
551 1872 657 1917 errore
687 1850 855 1916 reductam
887 1850 1050 1937 suscipiat
1106 1847 1161 1915 Sic
1191 1850 1278 1915 enim
1291 1820 1426 1938 affl?

233 1976 301 2021 non
323 1955 428 2021 solnm
450 1960 613 2021 errantem
643 1954 785 2019 enimam
816 1952 967 2031 salvavit,
998 1952 1056 2019 sed
1082 1958 1117 2017 et
1140 1951 1279 2037 subjecti
1289 1955 1368 2007 ⁸0¹¹·-

234 2058 549 2144 postorisanimem,
584 2056 642 2143 qui
674 2077 732 2143 pro
759 2060 888 2121 errante
910 2055 1093 2133 tenebatur,
1117 2055 1279 2121 liberavit

236 2158 388 2225 Mirandu
405 2180 455 2226 res
478 2164 550 2241 est;
571 2164 711 2243 uterque
725 2156 909 2243 aliquorum
931 2144 1070 2222 duorum
1093 2157 1198 2223 eidem
1221 2180 1281 2245 pro

234 2262 347 2327 codem
369 2268 502 2328 tenetur
524 2262 560 2325 in
582 2260 732 2341 solidum,
758 2265 792 2325 et
818 2282 904 2325 unus
926 2258 1058 2325 illorum
1080 2281 1101 2325 c
1122 2260 1281 2325 salvando

234 2364 364 2449 repellit
397 2364 579 2449 reliquum3
601 2363 689 2449 quod
724 2362 893 2427 evidenter
924 2360 986 2427 fit⁹
1017 2385 1092 2427 cum
1114 2363 1282 2449 episeopus

234 2472 396 2553 pastorem
419 2466 482 2532 sibi
504 2465 674 2531 subditum
700 2464 754 2529 vel
780 2470 893 2551 pastor
921 2464 1074 2530 subditus
1096 2464 1281 2551 episcopum

234 2569 363 2654 repellit
400 2591 421 2633 e
446 2567 604 2634 salvanda
641 2567 759 2646 anime,
797 2588 857 2653 pro
891 2590 957 2654 qua
988 2574 1127 2653 uterque
1149 2566 1281 2633 christo

235 2675 367 2736 tenetur
403 2671 439 2735 in
477 2668 624 2735 solidum.
692 2667 819 2747 Dorici,
850 2674 962 2754 pastor
994 2669 1115 2747 ovium,
1149 2668 1202 2733 cit
1235 2667 1282 2733 od
1295 2666 1446 2722 ¹&m-1ffi·

234 2770 348 2837 Soet:
386 2770 546 2838 Pascetct
579 2791 693 2837 ceruus
723 2776 803 2835 tuua
834 2768 950 2855 putria
981 2770 1040 2836 eui
1059 2791 1191 2856 propere
1202 2794 1216 2849 ;
1250 2741 1399 2835 cim&
1425 2824 1437 2867 t

236 2872 385 2939 veniebat
419 2873 467 2939 leo
490 2880 519 2938 ct
540 2893 646 2937 orcus
679 2870 734 2937 et³
768 2870 899 2938 tolosae
932 2872 1074 2939 arietem
1107 2872 1147 2938 de
1170 2871 1281 2938 erectio
1293 2822 1424 2938 ffieen

235 2976 354 3060 propte,
379 2981 408 3040 ct
429 2972 645 3060 persequebar
667 2994 727 3053 coo,
754 2979 783 3037 ct
813 2973 1051 3058 percutiebam,
1074 2981 1105 3039 ct
1126 2973 1282 3041 eruebam
1293 2949 1434 3072 mid

238 3076 277 3142 cie
313 3098 368 3143 ore
390 3097 507 3143 eorum
518 3100 532 3155 ;
567 3081 597 3140 ct
618 3073 678 3140 illi
701 3074 944 3161 corrumpebant
968 3076 1148 3143 adeersum
1168 3098 1228 3154 rue,
1253 3083 1449 3206 etpetepipphis

236 3177 528 3263 apprehendebam
570 3183 726 3243 meatum
762 3198 888 3259 eorum,
933 3184 964 3242 et
1008 3178 1208 3266 ruffocobcm
1252 3185 1378 3287 σιω

195 3306 200 3318 ·
235 3279 482 3366 inimiciciam
507 3300 568 3345 cos.
614 3279 708 3345 Nom
742 3286 772 3344 ct
806 3278 934 3346 hortem
966 3287 997 3346 et
1026 3302 1152 3348 ursum
1176 3281 1283 3347 cirster-

228 3380 410 3467 floiebom⁴
432 3402 487 3466 epo
509 3402 625 3447 cereus
654 3388 743 3446 tuuc.
798 3381 891 3447 licet
920 3381 1033 3447 David
1053 3383 1091 3447 in
1112 3382 1192 3449 hoc³
1213 3382 1283 3449 loco

237 3484 403 3570 significet
425 3482 603 3562 Christum,
634 3482 848 3549 nihilominus
879 3484 1044 3571 significet
1070 3492 1105 3551 et
1132 3485 1283 3572 praelntos

238 3586 295 3671 qui
340 3585 447 3673 gregis
485 3583 650 3650 Dominici
687 3606 797 3650 curam
828 3584 973 3667 habent;
1013 3588 1080 3653 imo
1119 3610 1158 3653 eo
1191 3588 1283 3675 ipso⁰

237 3687 325 3775 quod
353 3688 517 3775 significet
548 3685 725 3765 Christum,
751 3686 913 3773 significat
935 3693 970 3753 ct
995 3691 1149 3775 praelutos
1171 3690 1283 3778 quiin

239 3790 370 3856 Christo
393 3790 531 3854 Pastore
552 3795 632 3854 sunt
653 3809 739 3853 unus
760 3794 881 3875 pastor,
911 3791 968 3876 qui
992 3797 1131 3877 pascunt
1151 3814 1283 3880 gregem

239 3892 304 3957 Dei
326 3893 440 3959 Patris
488 3891 597 3978 Igitur
619 3890 661 3957 ed
682 3913 737 3957 eos
758 3891 911 3979 pertinet,
934 3914 1007 3959 cum
1027 3894 1077 3960 leo
1102 3896 1157 3961 vel
1178 3918 1282 3976 ursus,

239 3995 299 4061 hoc
323 4001 382 4075 est,
414 4016 487 4060 cum
518 3994 673 4071 diabolus,
708 4015 766 4081 per
796 3995 918 4059 vitium
949 3996 1164 4083 quodcunque
1194 3998 1283 4063 tollit

236 4097 381 4163 animem
403 4097 444 4161 de
474 4095 583 4161 medio
605 4095 714 4183 gregis
735 4095 910 4177 Dominici,
933 4100 1083 4184 persequi
1105 4099 1281 4177 diabolum,

234 4199 270 4265 in
293 4199 384 4265 vitiis
407 4206 442 4264 et
472 4196 531 4263 in⁷
553 4197 682 4263 vitiosis
703 4197 791 4284 ipsos
813 4198 951 4265 vitiosos
974 4224 1016 4267 ex
1041 4207 1134 4288 parte
1156 4224 1196 4267 eo
1217 4223 1283 4287 qua

269 4498 276 4528 ¹
294 4496 359 4563 cpit]
378 4511 427 4547 om.
439 4494 510 4549 Trio.
815 4496 899 4564 ιλου]
917 4514 966 4550 om.
978 4499 1051 4551 Ττίιι.

266 4574 335 4721 isti]
355 4574 478 4721 Ἣῃ·
816 4612 946 4679 wopa]
965 4615 997 4665 ab
1008 4612 1132 4682 episopo,
1145 4616 1215 4668 ren.

268 4670 722 4818 ⁴inbicmi1nmm‚c.c.c.
818 4728 882 4794 ¹²³¹]
900 4728 1102 4793 ‹ruffin-›0¹-

1088 4843 1111 4891 r
1132 4844 1154 4891 n
