3500 5784
687 900 863 948 EPIS'l'OLAE.
1241 887 1305 951 147

255 1091 370 1136 omnes
404 1071 553 1138 ecclesias
586 1094 653 1139 non
687 1074 852 1148 dedicatas
876 1073 1031 1139 dedicare.
1078 1071 1124 1136 Ec
1146 1073 1226 1158 quis
1245 1094 1305 1159 per

252 1174 497 1259 procurationes
519 1181 647 1242 nostras
669 1177 795 1262 aliquos
822 1197 959 1262 gravare
989 1197 1058 1242 non
1090 1175 1302 1258 intendimus,

252 1295 312 1342 nec
349 1297 514 1362 possemus
551 1278 592 1344 de
629 1277 716 1344 sacili
753 1302 773 1344 a
810 1278 991 1344 rectoribus
1028 1277 1233 1342 ecclesiarum
1266 1278 1303 1342 in

252 1377 405 1444 domibus
437 1381 505 1446 suis
537 1381 608 1446 sine
639 1401 752 1446 eorum
789 1401 857 1446 non
894 1402 995 1466 parvo
1032 1380 1231 1466 gravamine,
1262 1386 1302 1445 ut

251 1479 421 1562 credimus,
437 1483 620 1569 procurari3
642 1503 794 1569 rogamus
815 1489 855 1548 ut
878 1483 919 1547 de
940 1482 1038 1548 modo
1056 1488 1091 1548 et
1113 1483 1302 1568 quantitate

249 1583 348 1669 pretii
371 1585 535 1650 motarum
564 1585 830 1672 procurationum
860 1585 1130 1671 recipiendarum,
1154 1591 1302 1651 vestrum

250 1685 345 1752 nobis
381 1687 567 1754 rescribatis
604 1688 782 1754 consilium.
829 1687 1031 1774 Significatis
1068 1689 1169 1753 etiam
1206 1688 1301 1752 nobis
1314 1703 1426 1755 Hercle

250 1790 307 1875 qui
330 1789 516 1856 beneficiati
537 1791 591 1856 vel
621 1790 803 1856 sacerdotes
826 1789 880 1856 vel
909 1789 999 1854 infra
1031 1811 1139 1856 sacros
1169 1790 1299 1856 ordines
1311 1771 1450 1902 fflftgdffriff

250 1894 433 1973 constituti,
457 1894 599 1960 convicti
621 1893 675 1958 vel
704 1893 840 1959 confessi
871 1915 979 1958 coram
1001 1893 1096 1958 vobis
1122 1915 1219 1979 super
1248 1894 1298 1957 in·
1312 1905 1446 1965 emtione,

250 1995 462 2072 continentia,
490 1996 718 2083 obligavenmt
750 2017 784 2061 se
815 1995 856 2060 ad
891 1995 1123 2061 beneficiorum
1154 1996 1298 2082 resigna·
1310 1972 1454 2091 fflffi

250 2098 381 2176 tionem,
406 2098 459 2162 vel
490 2097 587 2163 aliam
609 2119 742 2184 peanam
765 2097 962 2175 canonicam,
986 2099 1014 2161 si
1036 2097 1163 2162 accidat
1185 2119 1239 2163 eos
1261 2100 1297 2162 in
1310 2105 1424 2172 specting

250 2199 338 2264 idem
357 2201 479 2264 vitium
501 2200 687 2278 recidivare,
723 2205 757 2266 et
790 2201 1012 2266 instrumenta
1041 2221 1152 2265 eorum
1175 2201 1231 2286 qui
1263 2169 1392 2303 segg&
1403 2239 1435 2289 of

249 2324 308 2387 per
339 2304 560 2368 instrumenta
597 2303 838 2390 obligaverunt,
867 2304 922 2368 vel
960 2303 1137 2368 eonmdem
1173 2303 1296 2369 instru-
1309 2305 1417 2355 inconn-

249 2409 434 2472 mentorum
456 2406 663 2494 transcripta,
687 2407 782 2472 nobis
803 2405 933 2472 faciatis
953 2406 1082 2472 habers
1127 2405 1251 2473 Valete.
1310 2386 1397 2422 ω’

745 2639 801 2706 LI.

250 2797 411 2866 Relatum
435 2799 503 2866 Dei
531 2797 648 2884 prolia
671 2797 931 2866 lincolniensis
955 2798 1146 2886 Episcopus
1178 2798 1296 2866 dilecto
1345 2821 1416 2867 raas.

336 2903 381 2968 irc
409 2901 541 2968 Olrrieto
562 2901 643 2988 filio
664 2902 830 2987 magistro
859 2901 992 2968 l'liomca
1020 2901 1175 2981 walerici,
1198 2923 1298 2967 coao-

335 3003 415 3070 aico
438 3003 678 3072 lincolniensi
705 3004 858 3084 solutam,
888 3004 1050 3089 protiosae,
1081 3012 1110 3070 et
1149 3003 1297 3070 deiudic-

337 3106 471 3174 tionem

295 3267 465 3336 Roberto²
495 3267 721 3334 archidiacono
757 3265 983 3332 Lincolniensi
1005 3269 1095 3332 viam
1133 3268 1295 3334 universae
1308 3295 1463 3347 offerofthe

248 3371 354 3435 earnis
384 3371 535 3458 ingresso,
561 3369 666 3456 (cujus
699 3370 818 3434 animae
851 3370 1050 3456 propitietur
1072 3368 1187 3454 Deus)
1222 3365 1428 3480 con-mhdffl}

249 3471 386 3538 tulimus
432 3471 732 3537 archidiaconatum
777 3471 956 3537 Lincolniae
1001 3495 1075 3536 curn
1121 3445 1417 3560 praebendaiffiri

249 3597 347 3660 quam
381 3575 487 3642 dictus
521 3574 768 3640 archidiaconus
805 3575 924 3652 tenuit,
957 3573 1029 3656 tibi,
1066 3577 1103 3639 in
1140 3577 1297 3663 praediclo
1309 3564 1463 3681 ffissol'ffl‘

249 3675 516 3743 archidiaconatu
546 3677 687 3742 residere
724 3681 846 3764 parato.
904 3675 984 3742 Non
1020 3677 1117 3757 enim,
1151 3686 1297 3745 terrente
1309 3647 1421 3748 'silemus

248 3801 307 3844 nos
330 3781 447 3845 timore
470 3779 541 3858 Dei,
566 3779 637 3844 ausi
671 3801 783 3844 sumus
816 3784 948 3844 tentum
980 3801 1091 3844 euram
1113 3781 1297 3846 animarum
1310 3764 1443 3815 wnensis.

250 3880 346 3946 alicui
369 3881 522 3960 conferre,
546 3881 612 3946 nisi
643 3880 674 3946 ei
706 3881 764 3968 qui
786 3880 892 3968 ipsam
915 3903 1026 3947 curam
1058 3905 1117 3968 per
1149 3905 1184 3948 se
1217 3855 1464 3987 ριω-ᾗᾞῗξωθ

249 3983 432 4050 sentialiter·
454 3983 553 4050 vellet
576 4004 679 4070 agere.
725 3982 803 4069 Ipsa
832 3984 921 4048 enim
950 4005 1035 4062 cura,
1058 3989 1099 4050 ut
1127 3991 1167 4050 tu
1197 3988 1298 4052 etiam

248 4085 331 4152 bene
365 4087 460 4164 nosti,
494 4108 562 4151 non
596 4084 802 4150 mediocriter
834 4107 954 4172 magna
991 4093 1049 4166 est,
1084 4088 1141 4152 sed
1178 4111 1299 4177 magna

249 4185 353 4270 valde,
378 4211 475 4276 egens
505 4191 628 4254 rectore
662 4210 790 4274 semper
822 4194 993 4275 praesente,
1015 4189 1199 4276 vigilanter,
1222 4215 1299 4278 pru·

250 4289 374 4370 denter,
398 4287 581 4378 diligenter,
606 4296 642 4355 et
674 4295 827 4376 potenter
861 4291 967 4356 eidem
1000 4291 1193 4358 intendente
1200 4319 1208 4373 ;
1240 4295 1297 4380 qui

247 4391 384 4458 verbum
410 4385 557 4458 Domini
579 4397 775 4479 opportune,
798 4392 997 4478 importune
1015 4394 1186 4479 praelibet,
1210 4395 1297 4483 seip-
1311 4419 1326 4461 2
1339 4414 1451 4465 nimir.

249 4517 326 4561 eum
341 4493 531 4582 eaeempbrm
546 4495 710 4560 bearorum
725 4517 866 4580 opacum
876 4502 1026 4580 proeelot,
1043 4518 1116 4562 eum
1132 4497 1215 4562 dicit
1230 4521 1297 4564 mo·
1311 4487 1361 4598 {pt
1374 4549 1393 4598 ii
1414 4551 1428 4599 7

247 4596 320 4662 nita
335 4595 451 4662 salutis
462 4601 496 4662 et
511 4619 578 4661 non
592 4597 778 4674 exauditur,
788 4597 886 4661 anxie
901 4597 1019 4677 doleat,
1031 4597 1195 4663 uberrime
1209 4599 1296 4680 fleat,
1394 4588 1400 4599 ’
1431 4587 1436 4598 ’

250 4699 306 4783 qui
329 4698 428 4763 etiam
443 4719 572 4764 mcum
586 4721 666 4764 auce
681 4695 721 4763 cb
744 4697 841 4762 maai
856 4719 997 4764 munere
1013 4699 1167 4781 cemelici,
1183 4724 1298 4788 poenas
1309 4723 1358 4772 Im
1370 4722 1466 4774 miii.

249 4799 452 4886 pecuniarias
474 4822 553 4886 quas
575 4824 596 4867 a
622 4799 888 4886 delinquentibus
920 4799 956 4864 in
989 4799 1181 4868 delictorum
1203 4806 1298 4892 puni·
1312 4794 1349 4838 ¹⁵·

1093 4909 1163 4970 ra
