3500 5784
455 849 497 911 86
777 862 926 911 nonnam
950 860 1178 911 ouossmnsrs

454 1040 489 1103 et
522 1033 712 1123 legitimam,
746 1036 833 1122 quod
865 1035 1063 1103 naturaliter
1097 1035 1139 1101 dc
1172 1056 1206 1101 se
1237 1038 1355 1101 natum
1386 1038 1437 1101 cst
1468 1039 1503 1101 et

452 1138 597 1205 naturali
644 1138 776 1203 vinculo
821 1138 984 1205 naturalis
1029 1137 1200 1205 filiationis
1244 1142 1392 1224 tempore
1436 1158 1503 1203 suae

427 1240 648 1307 ‘mutationis
678 1240 742 1307 sibi
774 1240 914 1307 inhaeret
945 1240 1150 1319 naturaliter,
1189 1262 1257 1306 non
1293 1245 1404 1327 potest
1436 1262 1504 1305 non

454 1344 633 1410 immutare
664 1343 860 1411 naturaliter
892 1343 928 1407 in
962 1352 1055 1409 suam
1089 1342 1348 1409 similitudinem.
1395 1342 1505 1429 Igitur

456 1444 560 1511 totius
579 1444 681 1511 etiam
703 1450 833 1511 naturae
854 1445 965 1513 hostes
987 1449 1074 1527 sunt,
1091 1445 1148 1532 qui
1170 1444 1358 1531 hujusmodi
1380 1444 1503 1532 prolem

455 1548 658 1628 naturaliter,
681 1552 716 1615 et
746 1570 814 1616 non
846 1548 1075 1635 dispensative,
1099 1546 1317 1635 legitimatam
1339 1552 1374 1613 et
1395 1547 1504 1634 leffl'ti-

456 1672 552 1729 mam‚
576 1650 722 1738 spuriam
750 1650 904 1737 judicant
935 1658 970 1719 et
1001 1651 1043 1717 ab
1075 1650 1284 1719 haemditaria
1306 1650 1504 1719 successione

424 1748 428 1756 ’
456 1754 648 1840 abjudicant
660 1778 670 1835 ;
691 1774 751 1821 nec
772 1759 876 1823 restat
898 1754 989 1819 aliud
1020 1753 1143 1819 talibus
1162 1753 1338 1840 judicibus,
1362 1753 1504 1819 maxime

315 1925 319 1933 ,
456 1856 492 1921 in
522 1856 712 1943 hujusmodi
738 1856 865 1941 judicio
899 1855 1121 1943 pertinacibus
1146 1869 1276 1925 naturae
1297 1855 1447 1921 hostibus
1470 1859 1504 1922 at

406 1988 410 1999 ·
456 1963 614 2025 creaturae
651 1959 801 2038 inimicis,
840 1959 905 2023 nisi
949 1964 996 2038 ut,
1036 1960 1121 2025 sicut
1157 1958 1311 2025 scribitur
1347 1958 1383 2022 in
1420 1958 1504 2023 libro

292 2072 350 2137 Sap.
358 2072 411 2123 ιιι
458 2060 657 2148 Sapientiae:
699 2059 864 2127 creatora
894 2059 1022 2147 scotori
1059 2082 1120 2129 eoo
1157 2059 1353 2139 maecum,
1386 2082 1503 2127 mccc·

292 2146 332 2190 ²⁴¹·
458 2164 565 2231 deccat
602 2162 646 2233 a'a
686 2170 900 2245 immoratum,
939 2162 1099 2231 adversam
1143 2162 1236 2251 ipsos
1278 2162 1432 2250 iojcmtos,
1472 2168 1505 2229 ct

292 2281 349 2347 Sap.
361 2282 428 2335 vir.
457 2266 633 2356 [potetates]
652 2273 806 2355 potenter
827 2266 1209 2354 occucupationes.

289 2388 325 2452 by
335 2390 433 2440 natural
502 2370 625 2457 Arguit
646 2391 775 2456 quoque
792 2370 919 2455 judices
941 2370 1040 2456 hujus
1058 2369 1177 2455 judicii
1198 2370 1292 2435 firma
1313 2370 1409 2450 ratio,
1431 2390 1504 2454 qum

290 2468 386 2516 '‘m'’
456 2472 615 2561 praevalct
629 2474 720 2537 omni
734 2472 800 2559 legi
815 2480 850 2539 et
864 2472 1093 2539 consuetudini
1105 2498 1114 2554 ;
1136 2472 1165 2539 si
1180 2473 1268 2539 enim
1283 2472 1395 2559 aliqua
1409 2493 1506 2539 causa

456 2581 565 2664 potest
584 2576 737 2641 inducam
759 2575 912 2645 effectum
935 2576 1078 2662 aliquem
1109 2576 1146 2640 in
1178 2575 1215 2641 id
1249 2574 1336 2662 quod
1358 2575 1504 2640 nondum

456 2683 514 2758 est,
531 2680 588 2745 sed
602 2678 710 2745 adhuc
723 2677 874 2745 futurum
889 2682 940 2745 cat
957 2704 966 2759 ;
992 2678 1098 2745 multo
1113 2676 1232 2744 fortius
1254 2677 1377 2764 poterit
1392 2678 1505 2744 eadem

456 2804 554 2848 cauea
568 2780 873 2849 inducereeundcm
889 2780 1041 2847 effectum
1063 2780 1099 2847 in
1121 2780 1157 2847 id
1180 2782 1267 2867 qnod
1288 2780 1504 2867 praesantiali·

454 2890 507 2951 ter
528 2889 601 2964 est;
625 2884 683 2951 sed
705 2883 952 2951 matrimonium
975 2906 1072 2951 causa
1095 2888 1145 2951 est
1166 2884 1422 2970 legitimationis
1446 2906 1506 2950 ncc

454 2991 563 3074 potest
584 3008 654 3053 esse
675 2986 860 3073 subjectum
882 2984 981 3073 hujus
1003 2986 1223 3074 legitimitatis
1249 2988 1336 3073 quod
1358 2986 1504 3053 nondum

454 3090 625 3156 esthemo
645 3110 706 3155 noc
727 3089 890 3176 particeps
920 3089 1038 3176 speciei
1068 3089 1292 3155 humanitatis
1339 3088 1504 3157 Ponamus

454 3192 559 3279 igitur
577 3192 667 3279 quod
688 3191 801 3276 aliqua
823 3192 988 3279 concipiat
1009 3192 1045 3257 in
1067 3192 1281 3259 fornicatione
1295 3192 1360 3259 ab¹
1386 3193 1505 3278 aliquo,

454 3300 489 3361 et
525 3294 581 3360 illa
614 3294 701 3359 idem
738 3300 813 3381 post
849 3299 1041 3381 conceptum
1078 3293 1289 3361 fornicarium
1326 3300 1504 3381 antequam

455 3398 555 3464 soetus
576 3401 751 3483 concepus
781 3396 942 3463 formetur
973 3396 1009 3463 in
1032 3400 1125 3463 utero
1148 3398 1264 3463 matris
1286 3403 1321 3464 et
1343 3398 1504 3485 figuretur

455 3498 633 3567 secundum
664 3498 863 3565 lincamenta
893 3498 1032 3565 humani
1063 3500 1215 3587 corporis,
1242 3506 1276 3567 et
1309 3501 1505 3567 infundatur

455 3604 568 3669 anima
589 3600 768 3682 rationalis,
791 3600 967 3669 contrahat
996 3601 1243 3667 matrimonium
1273 3624 1346 3669 cum
1369 3624 1409 3669 ca
1431 3626 1504 3689 quae

454 3706 604 3793 concepit
626 3704 667 3771 de
696 3725 744 3783 cc,
768 3708 1001 3789 contractoque
1031 3705 1241 3771 matrimonio
1272 3704 1386 3771 statim
1408 3706 1507 3771 mori-

454 3815 551 3889 atur;
575 3809 678 3897 igitur
699 3807 877 3873 secundum
895 3806 1055 3891 judicium
1080 3807 1181 3873 ctiam
1203 3812 1351 3878 vestrum
1373 3814 1506 3897 propter

453 3914 579 3979 bonum
631 3910 818 3998 hujimmodi
870 3910 1073 3977 matrimonii
1127 3911 1348 3977 momentanei
1399 3911 1506 3998 proles

455 4014 612 4103 praedicto
648 4014 746 4081 modo
783 4016 939 4099 concepta
976 4017 1011 4077 ct
1048 4016 1129 4077 nata
1165 4018 1279 4099 postea
1316 4013 1356 4079 dc
1400 4018 1505 4081 matre

456 4122 563 4187 soluta
594 4118 658 4185 erit
690 4118 840 4204 legitima
872 4122 908 4185 et
939 4116 1149 4183 haerediterio
1178 4118 1253 4205 jura
1276 4118 1448 4185 succedens
1470 4119 1506 4184 in

456 4224 561 4311 patris
581 4220 831 4299 hamditatem3
852 4220 910 4286 sed
941 4240 1016 4285 cum
1049 4220 1295 4287 matrimonium
1317 4220 1504 4309 hujusmodi

458 4326 523 4392 fuit
560 4346 710 4412 praesens,
749 4322 848 4388 foetus
894 4324 1067 4411 conceptus
1111 4322 1259 4389 nondum
1296 4322 1362 4388 fuit
1398 4323 1503 4403 bom0,
