3500 5784
456 833 523 899 416
789 850 937 901 sonum
958 851 1188 905 cromam

455 1026 545 1103 mm,
570 1042 668 1109 quem
696 1042 776 1091 oum
794 1024 1020 1111 perfodient,
1050 1024 1219 1113 apparuit
1239 1026 1368 1093 οοίῦιιπι
1387 1047 1512 1097 unicui,

456 1123 545 1209 quod
583 1123 760 1210 tupi-essue
807 1126 900 1194 otuu
931 1126 1205 1195 abmnirrntioues
1229 1127 1398 1215 pessimius
1424 1150 1513 1215 quas

448 1224 623 1343 faerbbcrtt
644 1250 713 1293 non
727 1228 834 1295 solum
853 1230 999 1297 minores
1016 1236 1053 1297 et
1065 1233 1215 1318 juniores
1225 1230 1246 1313 1;
1270 1232 1331 1297 sed
1350 1237 1386 1297 et
1407 1232 1510 1297 eum

939 1332 1243 1523 rsus
1263 1334 1513 1513 cem

288 1467 443 1533 mm
456 1533 556 1599 etism
578 1483 620 1601 db
649 1532 829 1623 longinquo
866 1538 903 1603 in
931 1536 1061 1604 visione
1085 1538 1151 1605 Dei
1181 1539 1219 1603 in
1250 1560 1344 1603 suum
1374 1538 1510 1604 Jerusa-

456 1634 528 1713 lem,
552 1634 614 1703 hoc
643 1642 703 1715 est,
731 1638 769 1704 in
793 1660 862 1705 suae
884 1660 972 1707 curce
1001 1641 1209 1707 commissum
1229 1640 1427 1719 ecelesiam',
1455 1646 1510 1705 est

456 1738 674 1819 adducendus,
691 1746 731 1807 ut
752 1739 867 1807 videet
880 1743 910 1807 si
924 1744 983 1829 qui
995 1742 1121 1809 fseisut
1134 1744 1172 1809 in
1185 1764 1226 1809 ee
1239 1742 1504 1809 abominationes

455 1842 602 1929 psomti3
623 1864 684 1909 neo
703 1842 802 1909 debet
817 1848 905 1909 sture
918 1844 961 1911 de
974 1844 1056 1911 foris
1075 1866 1135 1931 per
1155 1845 1378 1933 ignoruntium
1391 1866 1507 1911 eorum

454 1966 528 2031 quae
542 1944 635 2011 intus
646 1951 807 2031 geruntur
815 1942 836 2025 ³,
852 1946 911 2011 sed
924 1947 1091 2013 introduci
1104 1948 1212 2034 primo
1225 1947 1269 2013 sd
1283 1947 1509 2013 mutassem

453 2046 620 2135 magisque
644 2047 803 2134 putentis,
833 2051 873 2114 ut
891 2048 971 2115 inde
992 2046 1112 2115 uncte⁴
1139 2050 1306 2115 oocssione
1331 2048 1510 2135 diligenter

453 2150 634 2215 consideret
657 2154 692 2215 et
706 2150 887 2235 investiget
900 2151 929 2215 si
951 2150 1033 2238 quid
1046 2150 1248 2217 occultorum
1261 2157 1297 2216 et
1315 2152 1506 2238 graviorum

452 2256 659 2337 pocestomm
674 2254 832 2337 eppereut
846 2251 986 2339 rignum,
997 2258 1032 2318 et
1045 2252 1075 2317 si
1089 2253 1164 2338 quis
1177 2252 1221 2317 sd
1236 2252 1294 2317 iliu
1306 2251 1508 2319 inveniende

286 2470 312 2523 s.
325 2472 430 2539 uu,
454 2356 1173 2523 tttttttffitrttw
1187 2354 1506 2544 ῗὲζῗηῖᾒῗίἶ

283 2539 442 2671 {fimo}
457 2564 475 2593 ‘⁸
497 2558 694 2645 quibusdum
708 2557 810 2643 siguis
828 2558 1085 2645 erumpentibus,
1109 2563 1217 2625 rector
1238 2558 1276 2625 in
1297 2557 1507 2623 subditorum

286 2677 326 2724 re.
380 2642 387 2669 ’
454 2668 473 2700 “
496 2666 606 2727 mente
620 2681 715 2725 omne
731 2658 820 2745 quod
834 2660 980 2725 clausum
994 2660 1086 2739 latet,
1100 2660 1260 2739 inveniet,
1275 2664 1311 2725 et
1324 2659 1508 2726 interveni·

453 2770 472 2801 “
494 2768 571 2831 ente
582 2760 795 2849 correptionis
805 2762 945 2829 articulo
955 2784 998 2828 ex
1008 2762 1154 2829 minimis
1167 2760 1293 2849 majore
1305 2762 1509 2849 cognosce&

452 2866 552 2933 Unde
575 2871 650 2953 post
674 2864 782 2930 visum
798 2862 946 2931 foramen
969 2864 1014 2931 ed
1042 2864 1246 2930 Ezechielem
1272 2863 1402 2942 dicitur,
1416 2864 1506 2950 quod

451 2968 577 3035 foderet
609 2966 791 3055 perietem3
836 2988 902 3053 quo
932 2964 1084 3053 perfosso,
1131 2974 1150 3003 “
1171 2966 1328 3053 eppnruit
1357 2966 1482 3032 ostium
1494 2990 1505 3047 ;

451 3076 470 3106 “
493 3071 571 3157 quie
597 3091 672 3135 cum
695 3068 800 3135 cordis
816 3066 941 3133 diuitis
951 3066 969 3092 '’
995 3068 1204 3134 subditorum
1227 3091 1249 3133 e
1265 3073 1391 3133 rectore
1418 3068 1505 3135 “vel

451 3171 648 3239 “studiosis
678 3170 999 3258 percunctationibus
1028 3170 1082 3237 vel
1110 3170 1251 3236 muturis
1288 3169 1503 3257 correptioni·

450 3273 555 3340 “bus
585 3272 746 3341 scinditur
787 3272 883 3358 qussi
920 3272 1072 3358 qusednm
1096 3272 1201 3359 janue
1235 3272 1429 3353 ostenditur,
1459 3294 1504 3337 ex

452 3381 472 3411 “
493 3397 559 3462 qus
587 3376 698 3441 omnis
714 3374 731 3402 ''
762 3374 890 3441 occidte
917 3374 1103 3441 videantur.
1164 3373 1330 3440 Parietem
1359 3396 1504 3461 nemque

450 3476 619 3565 perfodere
647 3481 707 3556 est,
750 3482 769 3513 “
783 3477 890 3543 acutis
914 3476 1183 3563 inquisitionibus
1211 3476 1368 3541 duritiem
1396 3476 1505 3543 cordis

453 3586 472 3615 “
494 3577 646 3667 eperire''
692 3578 789 3645 Prius
811 3578 926 3666 ituque
951 3576 1098 3644 foramen
1122 3578 1160 3643 in
1180 3578 1315 3665 pariete,
1329 3600 1368 3643 ec
1381 3578 1505 3643 dende

283 3696 309 3750 s
322 3662 399 3770 010,ss
406 3702 434 3755 u
453 3681 575 3748 ouium
601 3682 755 3759 cerutus,
792 3686 810 3717 1‘
821 3685 856 3747 et
885 3686 967 3746 tune
988 3680 1122 3746 demum
1148 3680 1277 3746 occu
1297 3678 1504 3745 abominaso

283 3766 432 3889 {ffiffifibt
453 3792 472 3819 “
494 3784 756 3863 demonstretur3
789 3783 867 3869 quis
896 3782 1055 3847 nimirum
1083 3782 1339 3869 uniuscujusque
1375 3780 1505 3867 peecnti

284 3904 325 3951 rc.
338 3908 362 3965 s,
376 3904 424 3957 cot
453 3893 474 3923 ‘⁸
495 3886 586 3974 prius
630 3885 725 3972 signe
769 3883 955 3963 forinsecus,
1001 3884 1121 3951 deinde
1164 3884 1270 3971 janue
1312 3881 1504 3971 iniquitatis

283 3970 341 4018 ⁸¹⁵·
454 3998 472 4025 “
493 3994 617 4077 spertae
661 3986 854 4064 ostenditur,
886 3990 921 4051 et
950 3991 1031 4051 tunc
1068 3986 1201 4051 demum
1241 4005 1338 4051 omne
1374 3984 1502 4049 mulum

451 4098 473 4130 “
493 4091 583 4177 quod
612 4089 704 4155 intus
747 4088 840 4167 lutet,
871 4087 1029 4174 aperitur.
1104 4086 1233 4153 Idcirco
1261 4088 1365 4153 etium
1393 4085 1504 4152 suncti

450 4193 638 4260 “doctores
667 4192 813 4279 graviter
834 4190 941 4257 solent
965 4190 1096 4256 minute
1121 4189 1291 4270 discutere,
1316 4194 1356 4254 ut
1377 4186 1421 4253 eb
1442 4209 1503 4253 ex·

450 4294 605 4361 “tremis
640 4292 859 4361 exterioribus
894 4291 939 4356 ed
968 4292 1097 4359 occulte
1125 4291 1252 4377 possint
1273 4290 1398 4376 majore
1425 4310 1502 4377 per·

449 4402 469 4432 “
490 4395 627 4463 venire''
704 4396 789 4463 Cum
837 4395 951 4480 iisque
987 4393 1024 4457 in
1061 4414 1199 4479 persons
1246 4390 1501 4480 praepositorum

447 4496 589 4565 ecclesius
615 4498 686 4565 haee
712 4496 893 4564 dictasint
918 4495 959 4561 de
984 4493 1162 4573 Ezechiele,
1190 4492 1271 4581 quid
1291 4492 1500 4559 manifestius

481 4696 624 4764 Ἴωνα]
641 4694 838 4761 meorumue.
1027 4691 1140 4758 1ιιιιιιιι]
1159 4691 1186 4742 iu
1208 4698 1255 4755 eo,
1277 4688 1411 4755 aequus,
1431 4688 1499 4740 ure

479 4776 491 4807 2
506 4775 642 4843 ectum]
660 4792 710 4827 om.
722 4774 813 4828 cue.
993 4770 1083 4836 ooigne
1091 4770 1119 4821 iu
1131 4771 1182 4822 02

481 4858 491 4889 ⁸
506 4856 636 4923 percum]
655 4862 815 4922 generentur,
827 4850 917 4905 C.C.C.
