3500 5784
439 858 483 928 72
765 876 913 925 nonnam
935 876 1162 925 oaossnrnsrn

439 1046 610 1113 Credimus
641 1052 752 1115 autem
785 1051 873 1135 quod
905 1050 1057 1117 dominus
1082 1072 1143 1116 rex
1173 1049 1285 1115 eadem
1309 1049 1484 1115 devotione

437 1154 473 1214 et
494 1150 698 1237 benignitate
721 1158 852 1239 gratum
874 1153 1019 1233 habebit,
1035 1155 1063 1219 si
1086 1154 1165 1219 alibi
1185 1154 1286 1218 etiam
1308 1150 1486 1218 secundum

438 1252 576 1318 formam
608 1255 771 1341 evangelii
804 1261 950 1323 ementes
984 1262 1019 1322 et
1041 1256 1223 1323 vendentes
1245 1278 1266 1320 a
1287 1255 1366 1321 locis
1387 1254 1486 1319 sacris

439 1360 617 1421 arceantur.
664 1358 750 1423 Cum
771 1358 875 1446 igitur
897 1360 941 1425 ad
956 1359 1137 1447 episcopale
1159 1360 1323 1446 pertineat
1345 1356 1486 1422 officium

439 1458 484 1523 ad
513 1460 735 1527 imitationem
767 1460 902 1527 Domini
939 1462 1043 1528 nostri
1074 1462 1158 1529 Jesu
1190 1462 1314 1527 Christi
1351 1482 1372 1525 a
1408 1458 1486 1523 locis

439 1560 540 1627 sacris
562 1568 707 1629 ementes
729 1570 764 1631 et
785 1566 966 1631 vendentes
990 1565 1092 1632 eicere
1122 1570 1157 1631 et
1188 1586 1317 1645 aroere;
1349 1584 1391 1627 ne
1416 1583 1485 1639 nos,

440 1665 499 1750 qui
543 1671 695 1732 tenemur
736 1667 920 1733 ferventius
966 1668 1069 1733 aeluro
1106 1688 1165 1755 pro
1207 1666 1304 1733 domo
1341 1663 1486 1741 Domini,

439 1767 646 1834 inveniamur
667 1770 704 1835 in
726 1769 786 1835 hac
807 1777 902 1857 parte
928 1769 1104 1857 tepidiores
1134 1770 1291 1857 dignique
1315 1767 1423 1835 evomi
1446 1766 1487 1833 ab

313 1890 337 1923 v.
441 1892 496 1937 ore
518 1872 603 1957 Ejus
625 1871 687 1959 qni
709 1879 755 1939 cet
776 1872 869 1940 testie
882 1873 1001 1961 fidelis
1022 1880 1051 1939 et
1076 1894 1175 1940 comta
1205 1881 1235 1939 et
1263 1870 1488 1959 principium

308 1978 315 2001 ’
362 1979 427 2072 ‘aa
440 1980 602 2039 creature
624 1974 715 2054 De&
752 1980 788 2042 et
816 1998 859 2042 ne
889 1998 948 2043 nos
978 1976 1035 2063 qui
1068 1998 1142 2042 cum
1171 1976 1264 2043 duda
1296 1974 1487 2039 Machabaeo

439 2080 590 2142 tenemur
633 2078 767 2145 domum
812 2079 948 2145 Domini
993 2079 1036 2145 ab
1081 2078 1197 2145 omni¹
1244 2076 1488 2143 abominatione

314 2256 320 2269 ,
439 2200 586 2267 purgare,
610 2178 725 2247 dorios
756 2186 791 2246 et
821 2182 892 2247 loca
914 2180 1112 2247 orationum
1134 2180 1313 2267 faciamus
1335 2202 1392 2267 per
1413 2202 1488 2245 con-

323 2294 329 2308 ·
377 2295 384 2309 ·
440 2303 570 2347 sensum
595 2281 796 2369 epelacocom
816 2282 1003 2361 moenem,
1027 2285 1104 2370 quia
1126 2284 1213 2349 malo
1236 2284 1406 2361 consentit,
1430 2280 1488 2366 qui

440 2406 513 2451 cum
535 2384 638 2471 possit
665 2385 837 2472 prohibere
870 2392 906 2452 et
936 2385 1094 2471 impedire
1120 2407 1187 2451 non
1209 2385 1370 2473 impedit3
1392 2384 1488 2450 vobis

439 2485 642 2566 mandamus,
666 2493 829 2574 quatenus
850 2486 888 2553 in
911 2486 1063 2553 omnibus
1092 2487 1298 2553 monasteriis
1328 2492 1363 2554 et
1392 2509 1487 2574 paro·

441 2588 602 2655 chinlibus
624 2589 765 2656 ecclesiis
786 2588 1069 2655 archidiaconatus
1091 2592 1202 2669 vestri,
1226 2588 1355 2657 faciatis
1376 2596 1487 2656 aucto-

272 2704 401 2772 Nogoous
440 2691 542 2757 ritate
586 2696 699 2758 nostra
741 2691 881 2757 firmiter
922 2690 1063 2778 praecipi,
1102 2713 1144 2757 ne
1181 2692 1255 2779 quis
1292 2693 1333 2758 de
1370 2698 1488 2759 caetero

273 2775 401 2905 κζ,
441 2799 620 2881 praesumat
649 2794 687 2860 in
718 2794 836 2861 salutis
869 2816 937 2861 suae
972 2793 1180 2881 dispendium
1213 2798 1327 2860 contra
1348 2795 1487 2861 formam

273 2906 413 2959 soleinn-
443 2896 638 2985 cvangelicae
674 2896 832 2963 doctrinm
877 2896 913 2961 in
951 2896 1028 2962 locis
1065 2897 1163 2963 sacris
1201 2916 1320 2963 merces
1356 2896 1488 2963 venales

273 2974 429 3041 ΜΡΝ
441 3020 604 3085 exponere
630 2998 684 3064 vel
714 2998 954 3085 negotiationes
991 3020 1146 3065 exercere
1200 2996 1416 3065 Providentes
1448 3004 1488 3066 ut

441 3096 502 3167 hoc
522 3100 726 3182 mandatum,
749 3122 824 3166 cum
845 3100 980 3167 nonsit
1008 3123 1050 3166 ex
1080 3101 1211 3168 homine
1245 3102 1302 3169 sed
1324 3102 1489 3189 evangeli-

440 3226 523 3285 cum,
558 3203 734 3291 diligenter
766 3203 966 3283 observetur,
998 3204 1251 3271 contradictores
1283 3210 1318 3270 ct
1351 3204 1487 3271 rebelles

439 3330 498 3395 per
511 3327 681 3373 censuram
696 3305 944 3373 ecclesiasticam
958 3306 1198 3393 compescendo.
1237 3306 1411 3385 Valeatis2,
1428 3312 1487 3375 etc

908 3638 1021 3707 XXII.

317 3852 388 3902 inae.
443 3832 607 3899 Robcctcts
628 3831 694 3898 Dei
713 3830 832 3917 oratio
852 3828 1111 3897 Liocoloioosia
1132 3828 1331 3916 Episcoqme,
1357 3826 1489 3897 dilectis

337 3940 342 3947 ’
531 3937 576 4003 iot
610 3936 744 4004 Obmieto
772 3933 875 4021 fiilio
914 3934 1087 4002 universio
1123 3934 1392 4001 Archidicconio
1424 3954 1490 4021 pce·

531 4042 763 4129 episcopatum
784 4039 978 4106 Liricoloo'oe
1004 4038 1206 4119 omioteleuta,
1233 4039 1383 4118 aetutem,
1409 4060 1489 4125 gra-

532 4145 629 4226 ticcm,
652 4151 682 4211 ct
703 4142 973 4211 benedictioowm.

276 4323 387 4401 Aspim
488 4314 575 4397 Quia
595 4316 639 4381 ad
659 4314 799 4402 pastoris
820 4320 948 4403 spectat
969 4312 1112 4382 officium
1127 4313 1178 4381 his
1200 4316 1257 4403 qui
1279 4315 1434 4403 ignorant
1455 4318 1490 4381 et

273 4406 400 4510 {min
443 4424 557 4487 errant
578 4416 756 4498 condolere,
772 4424 807 4485 et
821 4440 953 4507 gregem
974 4416 1038 4484 sibi
1057 4420 1262 4486 commissum
1280 4418 1490 4507 pervigilare

506 4628 526 4633 -.
537 4626 620 4633 ..-....
633 4627 663 4631 ....
673 4626 737 4631 ..--..
745 4624 960 4631 ——0-——2--0-0.
972 4624 1159 4632 ψ...-

474 4753 844 4811 ¹c.c.c.aneox.mete.
964 4754 968 4824 ι
1015 4756 1026 4786 ²
1050 4753 1170 4823 rame]
1189 4754 1353 4820 maesia
