3500 5784
682 865 860 917 llPISTOLAE.

723 1183 813 1251 XOI.

244 1357 407 1426 Robeetcea
428 1356 495 1423 Dei
515 1357 633 1443 plutio
655 1353 912 1423 Locoteteose's
944 1349 1297 1440 episcopaturum
1346 1368 1431 1416 raso?

333 1460 377 1527 io
410 1459 542 1528 obruto
570 1458 665 1546 film's
697 1458 823 1524 deceno
856 1464 887 1524 et
917 1455 1069 1543 capitulo
1100 1453 1295 1520 lincolniae

337 1562 490 1642 satutem,
512 1561 673 1648 pretium,
702 1567 732 1627 et
755 1559 1028 1627 benedictionem.

290 1723 514 1811 Rescripsistis
548 1723 644 1788 nobis
677 1721 771 1809 quasi
802 1743 861 1808 pro
899 1720 1100 1806 competenti
1132 1742 1295 1806 responso,
1312 1727 1353 1778 011
1363 1726 1407 1778 the

246 1829 334 1914 quod
356 1827 398 1892 ad
431 1826 624 1892 mandatum
648 1824 773 1891 domini
806 1824 900 1911 regis,
933 1846 992 1912 per
1024 1845 1093 1905 nos,
1127 1829 1166 1890 ut
1202 1823 1298 1889 vobis
1309 1795 1459 1912 fflffid

247 1931 431 2006 videbatur,
485 1931 699 2017 impetratum
751 1927 931 1994 accessistis
979 1927 1023 1991 ad
1071 1927 1180 2014 ipsum
1232 1927 1298 1992 cito
1310 1928 1447 2007 antepap-

247 2038 322 2119 post
366 2032 488 2098 festum
539 2031 696 2096 Omnium
742 2031 947 2109 Sanctorum,
992 2034 1028 2095 et
1072 2029 1160 2115 quod
1203 2029 1299 2094 nobis
1311 1995 1423 2126 2912?
1419 2069 1446 2112 ω

248 2135 459 2200 audientibus
482 2155 524 2204 ex
554 2139 648 2220 parte
681 2139 793 2199 uestra
823 2137 858 2198 et
891 2133 1026 2220 capituli
1064 2131 1300 2198 Lincolniensis
1312 2128 1436 2207 neapo

248 2242 464 2324 protestatum
502 2236 568 2302 fuit
605 2258 712 2302 coram
743 2258 790 2313 eo,
828 2235 916 2322 quod
955 2257 1015 2301 nec
1047 2195 1424 2337 prohibitionemtfflm'

249 2362 340 2405 suam
363 2361 422 2404 nec
444 2337 587 2424 aliquam
621 2337 720 2402 aliam
750 2338 974 2404 intendebatis
1006 2339 1159 2425 prosequi
1190 2343 1303 2404 eontra

249 2463 309 2506 nos
340 2463 448 2507 coram
475 2461 512 2505 eo
545 2462 683 2506 causam.
730 2439 888 2506 Fatemur
918 2441 1051 2528 quidem
1083 2441 1171 2526 quod
1201 2442 1304 2528 impe·

247 2544 411 2610 travimus
447 2541 637 2608 citationem
671 2543 713 2608 ad
750 2542 918 2608 citandum
955 2565 1015 2608 vos
1052 2548 1086 2608 et
1123 2543 1303 2630 capitulum

252 2644 485 2723 Lincolniense,
509 2649 549 2709 ut
571 2649 659 2709 certo
682 2645 734 2710 die
758 2646 987 2730 compareret-is
1008 2646 1045 2709 in
1067 2646 1157 2710 curia
1179 2646 1304 2712 domini

252 2749 336 2834 regis
373 2747 416 2812 ad
448 2747 704 2835 prosequendam
747 2747 869 2812 dietam
917 2747 1192 2835 prohibitionem
1226 2749 1304 2835 quia

251 2850 316 2915 nisi
346 2851 392 2914 sic
423 2849 616 2924 citaremini.
653 2849 742 2914 curia
774 2850 861 2936 regis
899 2850 1020 2914 dictam
1051 2850 1304 2937 prohibitionem

254 2975 322 3018 non
344 2957 519 3018 revocaret.
565 2950 633 3017 Vos
662 2955 774 3017 tamen
807 2956 841 3016 et
863 2952 1043 3038 capitulum
1078 2952 1306 3020 lincolniense

253 3053 434 3141 peroptime
455 3053 568 3131 nostis,
592 3054 680 3140 quod
702 3054 745 3118 ad
766 3053 868 3119 talem
895 3055 1084 3120 citationem
1109 3077 1177 3120 non
1207 3055 1307 3120 habe-

253 3158 339 3224 batis
361 3179 488 3223 neeesse
511 3179 704 3244 comparere,
727 3157 793 3221 nisi
827 3157 951 3223 dictam
982 3158 1237 3246 prohibitionem
1271 3160 1307 3224 in

254 3261 343 3326 curia
379 3260 505 3324 domini
541 3261 628 3345 regis
665 3261 817 3346 prosequi
854 3260 991 3327 velletis.
1063 3260 1152 3326 Satis
1197 3267 1308 3327 autem

254 3363 424 3428 recolimus
447 3362 668 3448 supradictam
701 3359 974 3448 protestationem
1005 3385 1049 3430 ex
1080 3369 1174 3451 parte
1197 3369 1309 3430 vestra

255 3470 289 3530 et
311 3464 459 3552 praedicti
481 3464 618 3550 capituli
639 3463 770 3544 factam,
794 3486 868 3550 quae
891 3486 951 3530 vos
973 3470 1008 3531 et
1037 3467 1219 3553 capitulum
1241 3468 1309 3533 evi-

255 3567 444 3632 dentissime
465 3566 642 3652 redarguit,
667 3588 741 3631 eum
764 3567 799 3631 in
823 3566 924 3632 oeulis
953 3569 1070 3633 mundi
1092 3569 1178 3635 facto
1200 3592 1318 3657 prose-¹

256 3669 402 3756 quamini
425 3669 513 3755 quod
535 3669 646 3735 verbis
667 3690 727 3735 vos
758 3671 911 3756 prosequi
944 3671 1135 3757 denegatis:
1168 3695 1212 3738 ex
1245 3695 1310 3760 quo

256 3794 315 3838 nos
337 3773 438 3837 etiam
469 3771 650 3858 plurimum
682 3772 942 3838 verecundamur
973 3779 1008 3839 et
1040 3773 1195 3856 dolemus,
1219 3777 1312 3843 velut

255 3875 415 3940 habentes
436 3873 529 3954 filios,
554 3873 611 3960 qui
633 3895 675 3940 ex
689 3873 837 3960 ejsudem
851 3873 965 3961 scotie
979 3875 1157 3961 foramine
1178 3878 1468 3948 concessam

257 3977 403 4043 educunt
425 3982 454 4042 et
477 3997 639 4043 quaeram
661 3997 798 4064 aquom.
844 3979 1031 4064 Assignatis
1062 3980 1197 4068 insuper
1217 3981 1312 4048 velut
1323 3967 1363 4014 ¹¹·

257 4100 316 4167 pro
361 4100 524 4166 responso,
570 4079 658 4166 quod
704 4079 857 4145 dominus
900 4103 962 4146 rex
1017 4081 1113 4148 vobis
1165 4084 1312 4170 praefixit

258 4183 345 4248 diem
379 4180 442 4246 ut¹
464 4182 552 4247 inter
574 4203 634 4247 nos
658 4185 692 4247 et
714 4203 773 4248 vos
796 4183 835 4248 de
857 4205 937 4272 pace
962 4189 1128 4268 tractaret,
1152 4187 1246 4272 quasi
1269 4187 1311 4252 ob

258 4285 294 4349 id
315 4283 420 4349 solum
437 4281 510 4368 jam
531 4283 653 4371 pluries
679 4284 721 4350 ad
744 4285 868 4352 curiam
892 4287 1104 4354 accessistis⁹
1150 4289 1216 4355 Sed
1239 4291 1312 4376 quis

258 4387 389 4474 ignorat
410 4385 454 4451 ad
476 4391 621 4452 vestram
643 4409 700 4453 seu
723 4387 858 4476 capituli
880 4410 939 4454 seu
968 4389 1084 4456 saltem
1107 4393 1313 4493 quorundam

296 4745 532 4840 'veraces'
763 4773 769 4842 ι
815 4774 1250 4844 mmeramme„
