3500 5784
440 855 480 915 12
745 889 746 897 κ
767 872 912 921 nonnum
934 871 1163 921 esosssrssrs

437 1065 568 1129 corpore
598 1042 661 1109 sibi
691 1047 806 1126 unit03
843 1047 898 1126 sic,
928 1052 968 1111 ut
997 1047 1120 1133 opinor,
1151 1043 1286 1132 angelus
1314 1045 1386 1108 sine
1415 1045 1483 1109 situ

436 1166 576 1231 praesens
598 1152 656 1228 est,
680 1153 716 1213 et
737 1148 808 1213 sine
831 1149 902 1213 looo
924 1148 1045 1234 ubique
1078 1154 1170 1213 totus
1200 1147 1237 1211 in
1260 1167 1409 1231 ,corpore
1438 1146 1483 1209 sd

435 1247 656 1314 ministerium
679 1250 813 1336 aliquod
835 1256 1013 1338 assumpto,
1046 1255 1162 1338 utpote
1188 1249 1382 1336 incorpore
1403 1247 1483 1312 visi·

434 1348 494 1413 bili
524 1357 693 1439 assumpto
726 1352 764 1417 in
794 1352 1018 1439 adjutorium¹
1050 1352 1225 1421 ministerii
1254 1352 1316 1432 sui,
1353 1350 1481 1437 sibique

434 1452 526 1517 miris
547 1453 654 1525 modis
684 1461 843 1543 coaptato,
871 1456 908 1519 in
939 1477 1004 1542 qno
1024 1455 1179 1543 apparuit
1212 1454 1348 1541 angelus
1370 1452 1480 1539 Moysi

433 1554 488 1620 vel
508 1554 653 1623 Abrahae
675 1557 728 1623 vel
755 1558 828 1635 Lot,
853 1558 907 1623 vel
927 1557 1025 1623 elicui
1046 1558 1106 1623 elii
1127 1562 1316 1624 sanctorum
1337 1560 1478 1643 patrum,

432 1657 498 1723 fuit
528 1658 664 1747 angelus
695 1661 766 1725 sine
803 1660 870 1725 situ
905 1682 1055 1748 praesens‚
1091 1665 1126 1725 et
1155 1661 1225 1727 sine
1254 1660 1325 1725 loco
1358 1657 1479 1745 ubique

433 1765 531 1839 totus,
554 1761 648 1827 volut
669 1764 697 1827 si
719 1763 919 1849 intelligeres
941 1764 1086 1828 animem
1108 1785 1176 1830 non
1200 1763 1330 1829 unitum
1352 1760 1479 1847 corpori

432 1862 468 1925 in
507 1885 571 1949 quo
603 1870 663 1946 est,
694 1886 755 1931 noc
796 1864 994 1930 existentem
1037 1865 1108 1953 ejus
1137 1865 1380 1953 perfectionem,
1411 1886 1480 1927 mo·

431 1971 565 2033 ventem
595 1972 708 2034 temen
738 1967 823 2033 illud
856 1972 891 2033 et
923 1989 1035 2033 omnes
1068 1968 1140 2055 ejus
1172 1967 1361 2056 porticulus,
1392 1966 1479 2031 sicut

432 2091 519 2135 nunc
555 2075 677 2152 movet,
710 2075 745 2137 et
774 2070 961 2158 potientem
1002 2070 1046 2135 ed
1087 2071 1158 2157 ejus
1188 2071 1360 2147 motiones,
1392 2069 1479 2133 sicut

431 2194 518 2237 nunc
540 2174 674 2260 petitur,
708 2196 729 2238 e
755 2173 997 2260 comparatione
1027 2194 1127 2260 quam
1156 2171 1291 2237 animes'
1320 2170 1478 2238 retineret

429 2275 472 2340 sd
486 2274 593 2341 idem³
607 2298 723 2363 corpus
743 2280 778 2341 et
801 2276 844 2341 ed
871 2276 1017 2364 singulas
1043 2275 1113 2361 ejus
1137 2275 1332 2362 particulas:
1372 2296 1415 2339 ex
1437 2296 1477 2339 eo

430 2379 517 2464 quod
540 2384 624 2445 esset
662 2388 768 2445 motor
805 2384 840 2445 et
869 2385 977 2444 rector
1010 2377 1080 2463 ejus
1104 2382 1139 2443 et
1167 2398 1268 2465 agens
1297 2377 1335 2441 in
1356 2377 1474 2464 ipsum,

429 2480 590 2547 diceretur
599 2482 635 2546 in
650 2482 721 2569 ipso
737 2503 806 2547 esse
821 2483 892 2547 sine
907 2482 976 2547 situ
986 2502 1130 2569 praesens
1145 2485 1180 2547 et
1193 2481 1262 2547 sine
1277 2480 1347 2545 loco
1356 2479 1476 2565 ubique

427 2586 508 2649 totu
552 2582 624 2650 Nec
644 2583 751 2663 video,
775 2584 856 2670 quid
877 2582 971 2649 aliud
992 2588 1078 2649 esset
1111 2584 1216 2671 ipsam
1249 2605 1319 2649 esse
1349 2582 1386 2647 in
1414 2582 1476 2647 boo

427 2706 569 2773 corpore„
606 2685 671 2752 nisi
708 2708 742 2753 se
779 2686 900 2753 lrsbsre
936 2687 980 2753 sd
1015 2687 1124 2773 ipsum
1160 2687 1197 2751 in
1233 2683 1475 2773 compmtione

427 2789 590 2856 moventis
623 2794 657 2855 et
690 2790 818 2877 egentis
855 2789 892 2855 in
925 2790 1034 2876 ipsum
1063 2789 1118 2855 vel
1147 2788 1305 2875 patientis
1334 2786 1378 2853 nd
1406 2809 1475 2853 mo·

425 2891 532 2957 tiones
562 2891 673 2979 ipsius.
734 2892 798 2972 Sic,
830 2890 894 2957 ut⁴
938 2913 1021 2970 reor,
1055 2890 1189 2979 angelos
1227 2912 1296 2956 esse
1332 2890 1370 2955 in
1406 2912 1476 2955 cor-

425 2996 560 3080 poribus
591 2995 776 3081 assumptis,
810 3000 869 3073 est,
901 2995 990 3082 ipsos
1020 3015 1151 3059 movere
1180 2998 1216 3060 et
1244 3014 1356 3081 regere
1377 3016 1417 3058 es
1437 2993 1474 3058 in

425 3116 504 3162 usus
534 3097 673 3184 alicujus
703 3097 888 3176 ministerii,
921 3096 957 3161 in
988 3097 1109 3182 quibus
1134 3107 1247 3163 temen
1277 3096 1473 3183 corporibus,

424 3222 486 3267 neo
518 3200 620 3267 situm
651 3199 776 3266 hebent
806 3200 934 3279 alicubi,
967 3199 1032 3264 nisi
1061 3200 1147 3266 forte
1179 3200 1265 3266 sicut
1295 3200 1406 3264 enims
1438 3199 1474 3264 in

424 3304 519 3370 corde
542 3303 640 3368 situm
665 3301 784 3368 hebere
807 3302 936 3382 dicitur,
952 3302 1032 3389 quis
1044 3302 1137 3368 illinc
1158 3302 1292 3368 inchoa-t
1313 3303 1474 3369 motiones

423 3406 604 3494 corporales
637 3404 776 3487 vitales3
813 3405 862 3470 its
892 3411 928 3471 et
962 3406 1009 3471 eis
1038 3403 1265 3471 attribustm⁶
1297 3406 1381 3471 situs
1414 3405 1472 3470 ubi

423 3508 579 3575 inchoent
615 3508 777 3573 motiones
807 3505 911 3572 cum⁰
935 3507 1111 3595 assumptis
1140 3507 1336 3595 corporibus.
1401 3507 1472 3573 Ubi

422 3616 534 3677 temen
570 3612 607 3676 in
644 3609 758 3697 seipsis
788 3608 890 3675 situm
921 3633 989 3676 non
1022 3609 1154 3689 habent,
1190 3633 1250 3676 nec
1279 3610 1316 3675 in
1350 3610 1472 3678 eisdem

422 3715 609 3801 corporibus
641 3712 737 3779 locali
771 3712 940 3799 superficie
976 3712 1294 3790 circumscribuntur,
1325 3734 1385 3779 nec
1414 3736 1472 3800 per

421 3817 529 3904 spatis
562 3815 739 3883 eorundem
777 3835 950 3903 corporum
997 3814 1240 3894 diffunduntur,
1282 3816 1369 3880 sicut
1412 3816 1472 3881 lux

421 3942 479 4006 per
515 3926 623 3985 aerem
662 3917 868 3996 diffunditur,
891 3932 968 3983 ’nec
1001 3916 1044 3982 sd
1080 3918 1194 3983 eadem
1231 3939 1365 4004 corpora
1397 3940 1471 4005 pro-

420 4022 639 4109 pinquitatem
663 4025 722 4085 eut
744 4020 960 4087 remotionem
982 4018 1107 4087 hebent
1128 4021 1245 4086 lineari
1267 4019 1469 4087 dimensione

420 4123 710 4191 determinabilem.
769 4122 808 4190 si
844 4128 959 4189 autem
997 4144 1124 4210 quaeras
1161 4122 1323 4210 quomodo
1361 4124 1470 4211 angeli

419 4248 552 4316 corpore
584 4230 753 4312 assumpta
783 4230 947 4305 moveant,
978 4232 1014 4293 et
1044 4226 1080 4290 in
1110 4247 1188 4291 usus
1217 4225 1391 4292 ministerii
1417 4227 1469 4295 sui

470 4461 517 4469 ...-
525 4458 693 4467 ·-—--·-—·-
708 4456 958 4463 *n-·-···¹-·-··--·*·-··
968 4458 999 4461 <--
1013 4456 1027 4462 ··
1096 4457 1100 4461 ·
1116 4458 1129 4463 -
1209 4458 1232 4463 —-
1242 4457 1455 4469 --s———n-—no-

451 4594 457 4625 ¹
475 4590 633 4661 adjumiurr]
653 4606 732 4655 usum,
744 4588 843 4654 C.C.C.‚
855 4592 905 4643 Ox.
1002 4591 1010 4620 ¹
1027 4590 1066 4657 ur]
1085 4598 1118 4651 et,
1130 4584 1183 4642 sid.

450 4674 572 4740 ἀπίω]
590 4689 639 4723 om.
652 4671 816 4733 Ox.;sdhuc,
827 4670 916 4725 (lc-C.
999 4669 1187 4736 'cttdtuctud
1205 4670 1400 4732 tribuetur,Sid.

449 4756 460 4787 ⁸
476 4754 548 4821 idern]
568 4753 603 4815 io,
615 4752 706 4805 c.c.c.
1000 4750 1091 4816 ὀισπ]
1109 4750 1147 4812 in,
1157 4750 1207 4803 Ox.
