3500 5784
196 1967 200 1972 Ι
298 1883 359 1944 stet
381 1884 569 1964 opportune
583 1877 783 1964 importatae
796 1899 952 1964 argaeos,
969 1879 1149 1960 obsecrata,
1164 1879 1350 1968 iate-reposca

731 882 913 935 nrrsronm
1281 872 1344 935 185

298 1057 478 1122 conventui
508 1056 614 1123 modis
651 1056 804 1122 omnibus
840 1057 1074 1145 persuadendo,
1110 1060 1199 1144 quod
1242 1060 1349 1125 solum

300 1157 408 1224 Deum
444 1159 604 1226 habentes
640 1181 709 1247 prae
739 1160 849 1242 oculis,
887 1161 937 1225 nil
973 1161 1066 1226 aliud
1101 1161 1276 1228 intendant
1312 1163 1350 1228 in

298 1261 458 1349 praedicta
477 1261 633 1329 electione
654 1283 754 1349 quam
775 1267 940 1350 pastorem
961 1263 1085 1330 bonum
1107 1268 1143 1329 et
1165 1263 1350 1353 episcopum

299 1364 485 1431 animarum
517 1365 658 1452 eligere;
691 1365 794 1432 talem
814 1365 971 1433 videlicet
1004 1367 1062 1453 qni
1098 1387 1168 1433 non
1197 1367 1261 1434 sibi
1292 1390 1351 1455 per

299 1467 513 1554 cupiditatem
551 1474 705 1535 assaraci
741 1466 902 1534 tortorem
913 1491 928 1547 ,·
965 1468 1024 1536 aad
1055 1476 1192 1536 vocatos
1222 1491 1246 1536 o
1278 1470 1348 1537 Deo
1361 1480 1499 1534 llatae.

299 1575 467 1656 canaam
489 1570 621 1648 Aaron,
668 1571 713 1636 ait
756 1570 1051 1658 irreprehensibilis
1088 1573 1159 1638 sine
1203 1572 1347 1654 crimine,

298 1672 438 1738 offerens
468 1674 556 1739 dona
586 1678 621 1740 et
651 1673 809 1740 sacrificia
838 1674 947 1739 laudis
968 1680 1003 1740 et
1025 1675 1160 1762 spiritus
1182 1675 1348 1743 contribu-

298 1775 358 1840 lati
388 1796 447 1862 pro
470 1776 535 1842 sibi
556 1777 726 1843 commisso
748 1797 864 1863 grege;
887 1777 944 1863 qui
962 1774 1177 1864 proedicoaa¹
1210 1778 1348 1846 ambone
1361 1781 1376 1894 ξ
1389 1777 1502 1895 l5tm.iv.

299 1978 343 2045 io
365 1978 463 2047 oaraai
480 1979 657 2066 patientia
671 1987 702 2046 at
716 1979 884 2062 motata,
905 1981 950 2048 ira
971 1981 1131 2049 mattae
1152 1981 1303 2068 vigilam
1317 1991 1349 2052 et

299 2081 465 2162 larhoooraa
496 2088 536 2150 ut
565 2083 611 2150 sio
648 2105 722 2149 cam
756 2083 928 2152 Timotheo
947 2085 1092 2171 impleat
1111 2085 1350 2154 ministerium

299 2185 489 2273 episcopale.
534 2186 634 2252 Absit
664 2187 762 2265 enim,
785 2187 880 2266 absit,
904 2192 944 2254 ut
975 2193 1080 2254 tantae
1109 2189 1204 2253 navis
1230 2190 1349 2277 guber·

298 2287 452 2354 naculum
473 2288 511 2353 in
531 2289 615 2354 mari
629 2293 700 2354 tom
714 2294 818 2368 vasto,
841 2293 912 2355 tam
927 2289 1105 2378 procelloso
1126 2295 1162 2356 et
1183 2293 1350 2379 scopuloso

299 2389 451 2456 tradatur
471 2391 584 2456 manui
605 2391 788 2478 gubernare
810 2392 970 2458 nescienti
991 2398 1050 2458 ant
1079 2393 1266 2482 negligenti,
1290 2401 1350 2461 aut

299 2491 482 2580 impotenti.
542 2494 643 2560 Absit
687 2499 726 2560 at
770 2495 871 2561 talem
916 2495 1132 2561 traditionem
1176 2497 1347 2583 quisquam

299 2604 456 2682 procuret.
501 2593 602 2662 Absit
622 2599 662 2662 ut
683 2596 743 2663 tali
765 2598 939 2664 traditioni
961 2598 1137 2685 quisquam
1158 2599 1348 2666 consentiat.

298 2697 399 2763 Absit
431 2697 532 2763 etiam
564 2703 605 2763 ut
636 2699 694 2784 qui
726 2704 837 2788 potest
866 2700 967 2767 talem
987 2700 1201 2767 traditionem
1222 2701 1349 2767 viribus

299 2799 452 2866 omnibus
471 2821 538 2866 non
560 2799 726 2886 impediet
772 2801 890 2869 Valeat
911 2807 1026 2871 sancta
1040 2803 1224 2891 paternitas
1237 2809 1348 2871 vestra

297 2923 356 2992 per
375 2907 524 2991 tempora
546 2901 702 2990 longiora

781 3167 871 3261 txr.

299 3328 494 3397 Reverendo
515 3329 559 3398 ira
583 3329 716 3400 Olariato
736 3331 835 3419 patri
851 3328 985 3410 Otiosi,
999 3331 1066 3399 Dei
1085 3331 1204 3418 pretio
1224 3331 1348 3400 Sancti

388 3430 529 3498 Nicoloi
557 3430 602 3499 ira
634 3455 764 3499 carcerc
792 3432 958 3500 Tulliano
988 3433 1134 3500 cliocoao
1158 3434 1346 3516 cardinali,
1429 3517 1433 3527 '
1467 3513 1472 3522 ¹

389 3533 593 3620 Apostoliooc
630 3534 720 3601 aedis
766 3535 880 3621 legato,
921 3535 1092 3616 Robertata
1129 3535 1349 3605 miseratione

390 3635 519 3703 diniaco
540 3635 799 3704 Liraooiaioaais
831 3635 972 3703 aoclcaioe
1005 3637 1167 3705 minister
1191 3639 1346 3720 inmitia,

390 3737 536 3805 sabaim
558 3745 589 3806 et
620 3761 726 3826 qoam
748 3737 898 3807 debitam
919 3745 993 3806 aaa
1023 3740 1177 3807 devotam
1197 3741 1349 3810 obediero·

389 3840 478 3907 tiam
500 3847 531 3908 et
553 3840 783 3909 reverentiora.

345 3967 443 4048 Quod
475 3967 564 4036 inter
595 3972 648 4034 tot
682 3973 716 4035 et
753 3973 866 4035 tantas
904 3969 1131 4057 occupationes
1167 3949 1250 4038 tam„
1275 3972 1501 4050 dul-Anapla-

299 4071 397 4136 oiflno
429 4069 647 4158 diligentique
678 4070 767 4158 stylo
796 4075 918 4138 nostrae
948 4072 1109 4159 parvitati
1131 4073 1269 4162 dignata
1297 4052 1495 4184 estssffl‘v'f

299 4173 473 4240 rescribere
504 4173 693 4239 sanctitatis
714 4178 836 4241 vestrae
866 4175 1059 4261 paternitas,
1089 4177 1235 4244 ostendit
1265 4201 1346 4259 eam,
1359 4185 1489 4238 ousleter

300 4277 343 4342 ad
377 4274 596 4342 imitationem
626 4277 795 4363 regnantis
825 4275 961 4342 Domini
992 4278 1149 4357 caritatis,
1172 4253 1502 4370 indutem²⁰¹²5ffi25

301 4378 489 4445 invincibili
525 4377 721 4445 fortitudine
759 4384 793 4444 et
829 4378 1031 4445 humilitatis
1068 4381 1256 4448 admirabili
1292 4384 1513 4451 dffofrfltper·

300 4504 383 4550 core.
428 4479 541 4568 Hujus
572 4485 642 4547 tam
676 4479 811 4547 humilis
850 4481 1000 4548 caritatis
1034 4481 1144 4570 jubar,
1176 4484 1263 4571 quod
1296 4487 1343 4553 in.
1358 4455 1496 4505 ⁸⁰an

344 4675 809 4684 ffi———n——u-—fi--m
818 4676 927 4682 --—--
939 4677 978 4682 —-
988 4677 1015 4682 --
1029 4677 1032 4682 -
1168 4678 1233 4684 .--.
1254 4680 1267 4685 .,

333 4787 511 4859 'praedicam
530 4787 774 4854 praedicandae.
822 4785 828 4857 Ι
882 4787 1032 4859 ῗίιιόαῐαπι]
1050 4788 1285 4856 inductam,0.0.0.
1351 4821 1357 4831 ·
