3500 5784
507 825 571 888 406
828 839 973 889 nossem
996 839 1226 890 usomrrmru

342 1023 558 1080 scommate
594 1014 734 1100 speruit.
789 1014 833 1080 Et
870 1014 1048 1102 Apostolus
1084 1015 1141 1092 bii,
1188 1015 1250 1080 ⁴4⁹²
1285 1015 1568 1100 mmm

340 1095 363 1146 3.

508 1115 611 1182 maltis
632 1115 717 1200 Ejus
739 1114 803 1203 qui
824 1115 866 1180 iu
897 1136 952 1183 mc
982 1115 1161 1204 loquitur-l
1204 1118 1367 1184 Similiter
1387 1117 1506 1204 igitur
1535 1117 1568 1178 et

508 1218 574 1284 ulis
610 1218 726 1284 salutis
772 1239 869 1306 opera
912 1241 980 1286 non
1021 1221 1163 1308 episcopi
1196 1227 1284 1298 sunt,
1328 1221 1389 1308 qui
1422 1218 1566 1293 faciunt,

508 1321 565 1386 sed
602 1319 754 1388 Christus
784 1321 841 1407 qui
878 1322 914 1386 in
950 1322 997 1386 eis
1034 1330 1194 1409 operatur.
1248 1323 1340 1388 Licet
1377 1321 1494 1409 igitur
1530 1321 1565 1383 iu

508 1423 728 1512 rupenoribus
764 1421 875 1488 verbis
908 1423 1061 1510 Apostoli
1096 1425 1269 1512 castigatio
1301 1425 1460 1502 liliorum,
1495 1443 1565 1489 cor·

508 1525 622 1612 reptio,
645 1529 680 1591 et
700 1525 877 1612 flagellatio
901 1525 1043 1592 Domino
1065 1527 1303 1606 attribuantur,
1323 1549 1391 1593 non
1412 1548 1481 1614 per
1502 1526 1564 1590 hoc
1692 1558 1694 1565 ·

507 1629 549 1694 ab
572 1628 623 1692 his
646 1627 786 1714 episcopi
809 1632 919 1715 patres
940 1629 1102 1716 spiritales
1123 1629 1352 1709 excluduntur,
1370 1631 1431 1696 sed
1454 1629 1561 1694 inclu-

509 1731 642 1811 duntur,
666 1751 740 1796 cum
763 1730 945 1796 imitatores
972 1731 1037 1796 Dei
1059 1752 1128 1796 esse
1158 1731 1311 1810 debeant,
1336 1738 1371 1797 et
1393 1731 1480 1817 Ejus
1502 1751 1561 1817 per
1692 1718 1694 1751 ¹

509 1833 629 1914 omnia,
652 1835 813 1920 quantum
836 1832 989 1900 humanae
1011 1833 1186 1920 fragilitati
1207 1833 1363 1922 possibile
1383 1841 1446 1913 est,
1462 1834 1558 1920 sequi
1692 1824 1694 1863 ¹

508 1935 655 2023 vestigia
702 1937 850 2022 Cumque
865 1936 1005 2023 episcopi
1026 1942 1106 2002 sunt
1119 1945 1238 2024 patres,
1254 1960 1323 2003 non
1344 1938 1388 2002 sb
1408 1936 1556 2014 aliunde,
1692 1980 1694 1995 .

344 2035 496 2101 Eph.iii.15.
508 2040 566 2106 sed
588 2038 630 2104 ab
654 2038 763 2126 Ipsius
784 2038 993 2124 paternitate,
1017 2060 1057 2104 cc
1077 2061 1142 2125 quo
1162 2039 1278 2106 crucis
1294 2040 1495 2126 pumitoe
1516 2039 1558 2104 ic
1692 2098 1694 2117 ,

509 2141 585 2208 coelo
607 2147 638 2207 ct
660 2139 703 2207 in
725 2149 815 2208 mmo
846 2141 1059 2220 cominatur,
1083 2147 1252 2208 eteorum
1274 2163 1360 2208 curm
1381 2142 1555 2220 commimi,

510 2266 576 2310 non
610 2243 742 2310 aliunde
781 2265 881 2330 quum
912 2266 933 2310 s
963 2243 1158 2310 correlative
1194 2245 1354 2311 filiatione
1389 2246 1435 2309 ad
1471 2245 1555 2309 hanc

509 2347 749 2435 paternitatem,
781 2346 934 2412 dicantur
978 2367 1091 2412 eorum
1123 2345 1194 2427 filii,
1233 2347 1313 2434 quid
1349 2348 1553 2413 manifestius

509 2469 608 2534 quam
630 2447 718 2535 quod
740 2447 928 2534 hujusmodi
949 2448 1010 2513 filii
1032 2469 1106 2514 cum
1127 2449 1316 2534 hujusmodi
1347 2455 1481 2537 patrum
1501 2472 1552 2514 rs·

512 2552 635 2617 bellant
658 2555 692 2616 et
713 2553 873 2616 resistunt
896 2552 1102 2638 correptioni,
1125 2552 1342 2639 castigationi,
1364 2559 1401 2618 et
1430 2573 1548 2618 comec-

509 2655 601 2732 tioni,
625 2654 785 2720 resistunt
807 2655 908 2719 etism
941 2660 977 2718 et
1006 2653 1169 2720 rebellant
1190 2655 1261 2720 Deo
1291 2655 1384 2720 Patri
1418 2656 1454 2720 in
1482 2657 1548 2732 hoc,

508 2779 551 2824 ex
573 2756 666 2843 cujus
697 2757 908 2844 paternitatis
938 2755 1109 2822 affluentia
1138 2757 1309 2844 recipiunt,
1332 2757 1422 2844 quod
1443 2764 1549 2845 patres

509 2865 588 2926 sunt
609 2859 757 2947 episcopi.
804 2858 886 2940 Quis
907 2863 1003 2946 puter
1023 2859 1141 2926 videns
1171 2860 1277 2924 filium
1298 2881 1395 2925 suum
1417 2860 1548 2926 mitten·

512 2969 579 3028 tem
601 2983 635 3028 so
656 2962 694 3027 in
715 2961 826 3050 ignem
847 2967 908 3027 aut
940 2983 1060 3048 aquam
1097 2968 1157 3028 sut
1188 2963 1280 3028 uliud
1322 2963 1438 3029 mortis
1467 2963 1547 3050 pen'-

509 3065 626 3142 culum,
650 3087 716 3132 non
739 3065 855 3130 statim
870 3067 1011 3130 occurrit
1029 3066 1175 3151 ipsemet,
1191 3071 1226 3130 et
1246 3067 1388 3153 propriis
1402 3067 1546 3131 manibus

510 3167 754 3256 apprehendens
777 3165 918 3233 retrahit
939 3173 974 3233 et
996 3170 1083 3234 eruit
1105 3189 1126 3232 a
1146 3168 1313 3255 periculo!
1358 3169 1405 3233 Et
1436 3171 1547 3234 sitrs·

510 3271 632 3336 diderit
654 3269 759 3335 filium
782 3269 972 3336 custodibus
1003 3269 1208 3348 servandum,
1231 3271 1384 3357 nunquid
1405 3271 1546 3336 filiums

508 3373 651 3460 periculo
695 3371 837 3438 liberans
880 3371 1060 3459 injuriatur
1102 3371 1338 3438 custodibus¹l
1396 3374 1547 3455 Quinimo

508 3475 658 3541 custodes
681 3475 823 3540 multum
845 3475 995 3560 injuriati
1017 3479 1095 3540 sunt
1116 3477 1205 3562 patri
1226 3483 1261 3542 et
1282 3477 1455 3563 punitione
1476 3481 1548 3543 sunt

509 3579 608 3665 digni,
633 3579 661 3642 si
684 3600 796 3643 eorum
830 3579 954 3643 incuria
986 3586 1021 3644 et
1053 3579 1253 3665 negligentia
1278 3581 1548 3668 appropinquavit

508 3679 597 3744 filius
618 3679 733 3745 mortis
763 3681 914 3766 periculo,
945 3685 980 3746 ct
1001 3681 1030 3746 si
1051 3701 1162 3746 eorum
1194 3681 1395 3768 negligentia
1415 3703 1483 3747 non
1503 3688 1548 3748 est
1594 3708 1601 3724 ·

511 3781 553 3847 ab
575 3781 637 3847 hoc
659 3787 884 3868 praeservatus
930 3783 1013 3863 Qum
1035 3785 1135 3848 etism
1158 3790 1208 3849 est
1230 3791 1336 3850 mater
1356 3789 1417 3852 sut
1438 3786 1548 3851 nutrix

369 3919 370 3922 ¹
509 3884 622 3952 sedule
655 3906 736 3970 quoe,
770 3885 799 3948 si
829 3885 951 3951 viderit
987 3906 1124 3971 puemm
1160 3891 1337 3972 ponentem
1370 3895 1549 3976 serpentem

509 3989 546 4054 in
583 3988 690 4054 sinum
729 4007 836 4065 suum,
874 4009 942 4053 non
975 3989 1133 4053 continuo
1166 3996 1312 4056 autumet
1341 3988 1481 4077 ipsamet
1512 3997 1549 4057 ut

514 4091 667 4158 extrahet
698 4089 816 4155 illumi
868 4087 916 4155 Et
946 4095 1110 4176 quantum
1135 4097 1233 4179 putas
1266 4113 1353 4179 aegre
1384 4093 1490 4168 ferret
1523 4093 1550 4158 si

511 4195 683 4282 quisquam
715 4195 899 4259 currentem
936 4193 979 4258 sd
1010 4192 1072 4257 hoc
1104 4193 1285 4258 retardaret
1320 4198 1381 4259 aut
1410 4196 1550 4262 currenti

511 4298 700 4364 obsisterit?
744 4296 975 4381 Quantumque
1026 4295 1192 4383 gauderet,
1245 4303 1450 4384 quantasque
1503 4319 1550 4364 rs-

513 4399 613 4466 ferret
634 4399 765 4487 gratias,
805 4399 833 4463 si
862 4397 1034 4484 quisquam
1064 4398 1163 4464 citius
1198 4406 1419 4486 praecurreret,
1451 4406 1487 4467 et
1516 4403 1549 4466 in

512 4501 680 4568 liberando
701 4522 838 4590 puerum
860 4521 882 4565 s
901 4500 1046 4587 periculo
1067 4522 1141 4568 eum
1162 4500 1380 4589 praeveniret?

761 4729 769 4762 ¹
786 4728 928 4780 madan
948 4766 954 4778 .
972 4766 979 4779 .
996 4765 1004 4780 .
1019 4727 1169 4798 cautu]
1187 4745 1237 4782 om.
1249 4729 1338 4787 (ἰαῦ.
