3500 5784
672 854 850 907 urrsronn.
1220 843 1284 909 309

236 1032 341 1119 igitur
383 1028 515 1115 majoris
559 1032 603 1097 sit
647 1052 753 1097 nexus
797 1030 954 1118 spiritalis
999 1030 1149 1117 magnatio
1186 1051 1285 1116 quam

237 1134 383 1213 carnalis,
414 1157 453 1201 ao
482 1156 541 1221 per
573 1132 634 1199 hoc
665 1133 862 1199 obedientiae
884 1132 971 1220 patri
1000 1132 1140 1219 spiritali
1163 1132 1284 1200 debitae

236 1236 389 1318 violatio,
407 1238 541 1325 gravius
577 1236 762 1324 punienda3
800 1236 874 1322 quis
910 1236 946 1300 in
983 1234 1170 1321 hujusmodi
1208 1258 1284 1302 oon·

236 1344 381 1405 tumaces
417 1362 485 1405 non
521 1340 632 1427 potius
669 1337 883 1404 excandescet
927 1339 963 1403 in
1004 1358 1145 1424 poenam,
1185 1358 1283 1423 quam

235 1440 346 1507 favore
379 1463 434 1507 eos
465 1442 569 1529 eriget
598 1442 634 1506 in
669 1439 860 1526 ampliorem
886 1440 1142 1505 contumaciaml
1186 1438 1282 1521 Quod

235 1544 263 1608 si
295 1544 382 1610 dicat
407 1544 482 1631 quis
515 1543 604 1630 quod
632 1542 723 1627 juste
756 1543 843 1629 patri
877 1540 1045 1619 rebellant,
1080 1560 1139 1606 nec
1171 1540 1233 1607 hoo
1263 1566 1284 1608 a

235 1666 401 1731 quoquam
433 1645 475 1711 de
506 1644 595 1710 facili
626 1643 899 1731 praesumendum,
933 1642 1050 1709 saltem
1083 1641 1185 1708 donec
1219 1642 1283 1709 dis-

235 1768 364 1813 cussum
397 1746 497 1813 fuerit
527 1768 585 1834 per
618 1746 869 1813 ecclesiasticum
898 1746 1068 1833 judicium
1120 1744 1283 1812 Praeterea

234 1870 316 1935 quos
345 1847 513 1915 excludit¹
541 1849 584 1914 ab
612 1849 760 1935 ingressu
797 1848 913 1913 domus
951 1846 1087 1913 Domini
1119 1847 1283 1914 ordinaria

234 1956 380 2038 potestas
402 1952 623 2031 ecclesiastice,
639 1951 709 2017 sire
726 1952 817 2038 juste
838 1951 909 2016 sive
931 1950 1053 2034 injuste
1075 1948 1136 2015 hoc
1157 1949 1281 2017 factum

233 2054 342 2135 fuerit,
369 2054 520 2141 nunquid
553 2058 699 2140 potestas
729 2074 796 2118 non
829 2052 1055 2131 ecclesiastica,
1078 2056 1281 2139 quantacun·

234 2177 297 2242 que
318 2155 425 2235 fuerit,
448 2179 508 2223 sua
529 2156 724 2221 auctoritate
753 2154 889 2221 inducet
919 2156 955 2220 in
978 2154 1113 2221 domum
1135 2153 1279 2235 Domini,

233 2260 415 2345 praesertim
440 2280 515 2325 cnm
540 2257 728 2345 hujusmodi
752 2257 834 2324 facti
858 2256 902 2323 ad
924 2256 1112 2343 hujusmodi
1136 2262 1280 2344 potesta·

233 2364 301 2425 tem
323 2381 529 2447 nequaquam
551 2364 676 2447 spectet
701 2358 882 2446 judicium?
926 2358 1022 2439 Quod
1053 2360 1082 2424 si
1115 2359 1215 2424 etiam
1237 2382 1279 2426 ex

232 2461 405 2528 devotione
420 2466 674 2550 quantacunque
687 2466 901 2548 attemptaret
914 2467 1059 2548 potestas
1080 2460 1277 2547 hujusmodi,

231 2564 311 2650 quid
325 2564 415 2630 aliud
428 2564 549 2631 faceret
563 2586 662 2650 qnam
677 2586 751 2629 cum
767 2562 843 2641 Osa,
860 2563 948 2649 quod
962 2585 1061 2649 supra
1080 2564 1188 2651 ipsum
1206 2570 1277 2631 erat

233 2671 456 2753 praesumem
478 2687 628 2733 romaum
652 2664 700 2731 cd
725 2664 865 2731 orclem
890 2664 1036 2731 Dersaioi
1066 2664 1429 2733 mandassemu-

232 2769 370 2855 Propter
399 2768 497 2855 quod,
523 2768 600 2833 licet
636 2766 672 2833 id
708 2789 750 2833 ex
781 2767 922 2853 quadam
955 2767 1130 2833 devotione
1163 2769 1276 2854 egerit,
1289 2740 1313 2798 θ’
1326 2740 1349 2789 ⁷·

234 2871 479 2958 indiqsaetioue
500 2869 564 2936 iace
577 2867 645 2936 Dei
655 2891 837 2957 percenseas
845 2868 950 2955 jeaatc
963 2868 1103 2935 arctam
1125 2870 1281 2936 continuo

232 2973 366 3038 interiit
410 2971 613 3059 Longissima
627 2971 739 3036 absint
761 2970 947 3057 hujusmodi
970 2993 990 3036 a
1012 2975 1121 3035 vestra
1140 2970 1282 3037 dilectis-

232 3073 337 3139 sima²
359 3073 588 3139 dominatione
634 3072 862 3159 Supplicamus
884 3073 987 3159 igitur
1008 3074 1098 3138 omni
1120 3094 1186 3159 qua
1207 3095 1281 3160 pos-

232 3197 345 3243 sumus
366 3176 546 3256 affectione,
569 3176 725 3262 quatinus
746 3197 804 3262 pro
829 3176 1013 3241 reverentia
1041 3178 1075 3240 et
1105 3175 1277 3243 dilectione

171 3268 177 3281 ⁰
230 3278 313 3345 Jesu
357 3277 490 3356 Christi,
535 3279 593 3364 qui
636 3276 730 3358 siout,
774 3275 952 3343 secundum
989 3277 1194 3363 Apostolum,
1239 3279 1275 3344 in
1289 3294 1300 3340 1
1315 3290 1341 3342 S.
1349 3290 1433 3343 Part

231 3380 375 3469 praelatis
397 3401 455 3467 per
477 3381 564 3467 ipsos
585 3379 740 3466 loquitur,
764 3380 810 3444 sio
839 3384 874 3445 et
904 3384 1022 3445 caetera
1050 3379 1088 3443 in
1116 3380 1195 3467 ipsis
1218 3362 1327 3467 pern·

231 3484 319 3571 ipsos
341 3487 501 3569 operatur,
524 3480 620 3558 unde,
644 3485 683 3545 ut
704 3482 774 3567 ipse
804 3485 953 3561 testetur,
977 3486 1011 3546 et
1041 3480 1117 3567 Ipse
1139 3482 1175 3545 in
1196 3481 1277 3569 ipsis

231 3585 388 3672 susceptis
410 3604 468 3649 seu
490 3584 607 3670 spretis
637 3583 812 3670 suscipitur
845 3587 880 3648 et
913 3582 1085 3669 spernitur,
1109 3584 1137 3648 si
1167 3584 1277 3670 aliqua

230 3686 326 3752 litera
362 3708 383 3751 a
418 3690 529 3751 vestra
560 3684 660 3750 fuerit
694 3683 915 3751 dominatione
950 3706 1008 3772 per
1040 3686 1275 3771 surreptionem

231 3789 373 3867 obtenta,
397 3788 479 3853 talia
511 3787 702 3875 precipiens
735 3787 845 3873 qualia
878 3787 1064 3874 supradicta
1093 3792 1179 3866 sunt,
1203 3809 1274 3853 eam

230 3896 321 3957 curet
347 3890 463 3977 regalis
499 3890 693 3956 excellentia
729 3910 887 3956 revocare.
943 3888 1062 3955 Valeat
1095 3889 1275 3957 dominatio

230 3997 341 4058 vestra
361 4014 419 4079 per
439 3997 585 4078 tempora
607 3990 759 4078 longiora

264 4292 401 4363 'minden
419 4294 533 4357 includit,
546 4292 635 4347 (ἰαῦ.
735 4294 741 4362 Ι
787 4293 977 4361 macariana]
991 4292 1164 4358 dlreefisdma,
1176 4291 1264 4346 C.C.C.
