3500 5784
701 847 879 898 morona
1111 814 1116 828 '
1252 838 1316 900 149

245 1019 363 1086 honis
395 1023 537 1108 corporis
569 1025 603 1087 ot
629 1021 790 1109 spiritalia
811 1044 870 1109 pro
893 1022 1152 1108 temporalibns;
1175 1023 1316 1088 fatemur

269 1124 384 1210 utiquo
405 1123 501 1190 nobis
523 1125 623 1191 etiam
645 1146 713 1189 non
737 1125 902 1190 modicum
925 1148 993 1192 esse
1017 1126 1135 1190 durum
1159 1130 1194 1190 et
1216 1147 1316 1210 grave

269 1230 345 1290 tea
375 1227 492 1293 scholis
515 1226 713 1306 abstrahere,
735 1228 975 1293 considerantes
1005 1250 1113 1314 quam,
1136 1227 1318 1312 adjuvante

270 1328 394 1394 Christi
416 1330 530 1416 gratio,
554 1331 589 1395 in
614 1329 730 1396 scholis
753 1352 861 1417 posses
895 1329 1097 1396 fructificare.
1143 1330 1210 1396 Sed
1243 1331 1317 1416 quis

268 1430 400 1496 dubitat
425 1432 552 1498 minora
585 1437 620 1498 ct
652 1432 827 1498 incertiora
860 1433 948 1499 bona
977 1455 1037 1520 pro
1070 1433 1248 1520 majoribus
1281 1440 1316 1498 et

269 1533 461 1600 certioribus
494 1534 589 1601 bonis
622 1557 691 1601 esso
712 1535 950 1622 relinquenda?
992 1534 1074 1616 Quis
1097 1536 1198 1600 etiam
1222 1535 1316 1599 dubi-

269 1640 339 1702 tare
376 1643 485 1724 potest
521 1638 602 1724 quin
639 1638 744 1725 majus
781 1637 904 1703 bonum
949 1639 993 1702 sit
1037 1643 1166 1703 tantam
1204 1659 1315 1702 curam

269 1739 451 1805 animarum
496 1741 666 1808 humiliter
701 1747 735 1806 et
773 1741 898 1806 solicito
934 1763 1096 1828 peragere,
1134 1762 1234 1826 quam
1279 1740 1315 1804 in

267 1842 422 1908 cathedra
443 1843 624 1932 magistrali
647 1847 810 1930 sapienter
833 1844 972 1910 doceret
1007 1843 1166 1929 Alioquin
1187 1865 1316 1910 summa

267 1945 436 2031 sapientia,
460 1946 524 2012 Dei
547 1946 659 2025 Filius,
683 1948 719 2012 in
749 1969 843 2012 carno
866 1969 940 2013 cum
969 1945 1158 2012 hominibus
1181 1968 1315 2011 conver-

267 2053 358 2114 satus
381 2049 524 2128 sedisset,
548 2050 713 2136 sapienter
735 2051 853 2116 docens
876 2049 1070 2136 sapientiam
1093 2049 1129 2114 in
1151 2048 1312 2126 cathedra,

268 2156 303 2216 et
333 2173 399 2216 non
422 2152 593 2218 arcuisset
623 2152 773 2218 ciuitates
801 2159 832 2218 ot
858 2152 1001 2233 casulla,
1025 2157 1165 2238 aegrotos
1197 2173 1314 2217 curans
1327 2153 1434 2205 &Mat
1443 2153 1479 2206 ix.

268 2260 303 2318 et
339 2254 506 2321 humiliter
543 2255 663 2343 populo
699 2255 898 2341 praedicans:
932 2254 1181 2320 Poeuiteutiam
1214 2254 1312 2340 cpite,
1326 2227 1394 2363 2⁵51
1409 2314 1453 2365 a,

268 2357 564 2444 appropinquavit
585 2357 679 2424 coho
700 2379 846 2444 rcpuum
869 2356 1051 2437 culorum
1073 2357 1220 2442 alioquin
1246 2379 1313 2423 non
1329 2352 1366 2432 ri,
1394 2329 1409 2364 ⁸
1445 2329 1480 2364 m

266 2460 340 2546 plus
370 2467 455 2526 esset
491 2462 596 2526 facero
630 2483 729 2547 quam
763 2461 883 2538 dooere,
915 2483 974 2526 nec
1011 2460 1126 2525 melior
1163 2459 1315 2525 doctrina

267 2563 373 2649 operis
395 2585 492 2648 quam
515 2564 615 2629 verbi
670 2563 778 2629 Multo
801 2583 929 2650 quoque
952 2563 1072 2628 certius
1094 2573 1144 2628 est
1166 2564 1263 2647 quod,
1285 2564 1313 2628 si

267 2667 328 2746 vis,
350 2674 443 2754 potes
465 2669 525 2733 hoc
559 2669 704 2754 regimen
735 2667 919 2732 animarum
953 2666 1114 2753 perficere,
1148 2689 1247 2752 quam
1277 2666 1313 2731 in

267 2771 421 2836 cathedra
442 2792 566 2836 sacram
589 2769 791 2856 Scripturam
814 2769 936 2848 dooere,
960 2769 1039 2855 quia
1063 2770 1125 2834 hoc
1146 2791 1214 2834 non
1241 2768 1313 2854 jam

268 2897 336 2962 prae
359 2874 484 2939 foribus
514 2879 571 2951 est,
595 2873 660 2950 sed,
684 2873 712 2938 si
744 2873 803 2952 vis,
827 2873 916 2937 infra
946 2872 1049 2952 fores;
1083 2873 1168 2937 illud
1201 2878 1313 2936 autem

267 2977 374 3043 adhuc
396 3000 464 3064 prae
498 2977 622 3042 foribus
654 2980 712 3055 est,
746 2975 933 3062 poteritque
965 2975 1095 3040 excludi
1129 2981 1189 3039 aut
1222 2975 1313 3039 infir-

267 3080 383 3145 mitate
406 3084 466 3144 aut
496 3079 568 3143 aliis
598 3077 744 3143 fortuitis
776 3078 903 3142 casibus
933 3077 1123 3142 innumeris.
1168 3077 1313 3141 Multum

267 3183 368 3248 etiam
389 3182 452 3248 tibi
475 3181 658 3250 timendum
680 3183 738 3258 est,
763 3179 851 3266 quod
881 3180 910 3245 si
939 3179 1165 3266 producendo
1189 3180 1314 3265 aliquot

267 3285 425 3352 scholares
449 3284 591 3350 Parisius
613 3283 657 3348 io
671 3281 879 3348 sublimitate
903 3282 1068 3348 aerumnis
1091 3282 1312 3367 sapientium,
1329 3291 1480 3354 leuchi,

268 3411 385 3454 renuas
408 3385 544 3453 docerel
577 3386 719 3450 multum
751 3385 979 3471 multipliciter
1000 3386 1110 3472 plures
1133 3407 1209 3450 oves
1231 3385 1254 3449 J
1257 3407 1315 3450 esu
1327 3363 1350 3418 ²‘
1361 3363 1384 3408 ⁴·

268 3491 392 3558 Christi
425 3490 586 3577 simplices
607 3489 643 3554 in
669 3488 872 3567 infirmitate,
896 3489 953 3554 sed
985 3486 1122 3552 tamen²
1144 3487 1188 3553 iu
1209 3495 1316 3553 catere

264 3595 357 3662 mono
390 3592 538 3680 spiritua
573 3598 603 3658 ot
625 3591 776 3667 uirtutis,
800 3591 924 3656 Josum
954 3589 1131 3658 Christum
1152 3598 1183 3656 ct
1204 3592 1312 3657 Hunc

267 3697 477 3782 curuum,
493 3703 670 3780 utrumque
692 3693 757 3759 tibi
778 3695 815 3756 in
833 3693 961 3780 justam
975 3716 1107 3780 poenam
1123 3694 1314 3774 auferatur3

267 3801 430 3878 videlieet,
479 3806 517 3864 ut
561 3818 621 3862 nec
666 3799 834 3882 unquam³
872 3796 1033 3861 scholares
1077 3797 1115 3860 in
1159 3797 1314 3862 cathedra

267 3902 374 3968 solido
396 3900 474 3979 cibo,
496 3921 557 3964 neo
582 3899 743 3984 simplices
776 3919 853 3962 oves
877 3898 1008 3975 Christi,
1043 3898 1478 3985 locta,simplicisHeb·r.12.

267 4003 425 4070 doctrinas
456 4023 575 4090 pascas.
622 4000 667 4066 Et
697 3999 877 4088 periculum
909 4001 1013 4087 igitur
1046 4005 1080 4066 et
1116 4001 1201 4066 iram
1231 4002 1254 4066 J
1257 4021 1313 4066 esu

269 4107 393 4175 Christi
415 4105 574 4183 devians,
599 4109 633 4168 et
664 4104 787 4169 bonum
809 4103 916 4189 majus
938 4111 972 4168 et
995 4105 1115 4169 certius
1137 4124 1312 4180 assumens,

267 4211 422 4276 duritiem
459 4206 630 4273 recedendi
667 4227 688 4270 a
725 4205 841 4270 scholis
878 4210 949 4270 tam
982 4206 1076 4271 nobis
1113 4228 1213 4292 quam
1250 4205 1313 4270 tibi

267 4309 400 4379 molloni
431 4311 537 4376 facias.
583 4311 635 4375 Dc
669 4331 707 4374 eo
729 4313 840 4375 autem
866 4309 955 4393 quod
986 4308 1120 4395 plurimi
1146 4309 1210 4375 tibi
1240 4330 1313 4394 per-

267 4415 453 4481 suadebunt
493 4412 581 4497 quod
625 4411 788 4497 sapientia
832 4432 900 4476 non
937 4417 988 4476 est
1032 4410 1209 4477 deserendo
1253 4433 1313 4498 pro

266 4517 404 4597 divitiis,
426 4537 486 4582 nec
508 4514 633 4582 fructus
667 4513 804 4580 docendi
826 4535 886 4601 pro
918 4513 1143 4600 dignitatibus,
1166 4535 1233 4581 non
1262 4521 1313 4580 est

682 4679 859 4687 -..m-...u—

301 4741 308 4770 ¹
320 4737 430 4804 malmin]
449 4739 514 4790 inter
524 4739 639 4800 multum,
650 4737 703 4790 siu
847 4738 985 4806 ἰαιφιωη]
1003 4753 1139 4806 nunquam,
1152 4739 1249 4804 CCC,
1263 4739 1313 4796 Ox.

301 4821 413 4890 ²turrira]
432 4834 480 4871 om.
493 4818 543 4872 Ox.
