3500 5784
688 869 866 924 sermome.
1243 860 1307 923 155

256 1053 379 1118 sarium
402 1053 569 1120 credimus.
617 1050 704 1131 Quia
718 1053 821 1138 igitur
836 1053 907 1118 sine
922 1053 1067 1138 decalogi
1083 1053 1308 1119 observatione

257 1157 344 1221 selus
367 1157 551 1220 animarum
582 1175 648 1220 non
671 1156 828 1232 consistit,
861 1155 1075 1221 exhortemur
1096 1156 1133 1218 in
1157 1156 1307 1236 Domino,

256 1260 394 1324 firmiter
420 1258 637 1343 injungentes,
662 1262 701 1322 ut
723 1259 947 1344 unusquisque
981 1264 1092 1343 pastor
1123 1259 1309 1323 animarum

257 1367 291 1426 et
306 1360 446 1446 quilibet
471 1361 618 1424 sacerdos
644 1361 838 1446 paroehialis
861 1361 944 1426 sciat
966 1360 1166 1446 decalogum,
1190 1361 1225 1424 id
1249 1367 1307 1438 est,

259 1465 369 1528 decem
392 1464 548 1528 mundate
570 1462 651 1549 legis
674 1460 866 1547 Moysaioae3
905 1464 1082 1548 eodemque
1105 1463 1224 1550 populo
1247 1465 1310 1528 sibi

259 1566 404 1650 subjecto
426 1565 614 1650 frequenter
636 1565 790 1651 praedioet
813 1570 848 1630 et
871 1571 1022 1652 exponat.
1067 1565 1158 1630 Sciet
1181 1589 1310 1652 quoque

260 1691 333 1754 quae
355 1668 423 1732 sint
445 1673 569 1753 septem
593 1667 783 1746 criminalia,
813 1667 992 1753 eademque
1015 1669 1167 1733 similiter
1189 1669 1310 1754 populo

259 1771 414 1857 praedicet
437 1769 595 1855 fugienda
613 1793 619 1832 :
637 1771 720 1833 sciat
735 1770 875 1856 insuper,
892 1769 1009 1835 saltem
1025 1771 1224 1857 simpliciter,
1240 1793 1312 1857 sep-

261 1880 326 1938 tem
342 1871 558 1937 ecclesiastice
572 1878 778 1936 sacramenta
790 1897 798 1952 ;
829 1877 862 1936 et
887 1873 923 1937 hi
946 1873 1004 1958 qui
1027 1878 1107 1938 sunt
1129 1872 1311 1938 secerdotes

259 1975 401 2038 maxime
435 1974 542 2038 sciant
564 1995 638 2058 quse
661 1974 844 2060 exiguntur
866 1975 910 2038 ad
932 1997 1022 2040 verae
1044 1973 1252 2040 confessionis
1277 1981 1312 2042 et

260 2076 464 2164 poenitentiss
487 2081 734 2154 sacramentum,
757 2076 960 2163 formamque
982 2078 1197 2163 baptizandi;
1220 2079 1335 2144 doec-1

261 2186 319 2244 ant
352 2179 537 2263 frequenter
574 2178 670 2242 laicos
707 2179 743 2242 in
781 2179 937 2244 idiomate
967 2181 1150 2244 communi:
1191 2181 1313 2245 hebeat

262 2303 390 2368 quoque
413 2281 550 2366 quisque
583 2301 694 2347 eorum
726 2281 841 2346 saltem
865 2281 1044 2369 simplicem
1067 2282 1145 2348 fidei
1167 2282 1313 2348 intellec-

261 2391 342 2462 tum,
375 2383 461 2448 siout
494 2383 682 2448 continetur
713 2383 750 2447 in
781 2384 936 2468 symbolo,
961 2390 1031 2449 tem
1062 2386 1184 2470 majore
1212 2407 1312 2470 quem

261 2488 394 2563 minore,
419 2491 453 2550 et
474 2485 511 2548 in
531 2490 677 2550 tractatu
700 2486 757 2571 qui
780 2486 901 2551 dieitur
924 2485 1127 2572 Quicunque
1149 2487 1230 2568 cult,
1254 2489 1312 2573 qui

262 2589 381 2654 cotidie
412 2588 455 2654 ad
476 2588 614 2673 primam
648 2589 685 2651 in
716 2588 850 2653 ecclesia
882 2589 1043 2674 psallitur.
1105 2590 1313 2656 Eucharistia

262 2698 382 2768 autem,
398 2711 471 2776 quae
493 2695 731 2755 sacramentum
755 2695 804 2755 est
827 2690 992 2774 Dominioi
1014 2694 1162 2777 eorporis,
1187 2694 1223 2757 in
1244 2694 1314 2758 loco

261 2794 421 2881 singulari
443 2793 566 2857 mundo
590 2797 623 2857 et
646 2794 776 2878 signato
799 2815 927 2880 semper
948 2794 1124 2860 honorifice
1147 2795 1311 2876 collocata,

262 2898 379 2963 devote
402 2919 439 2961 eo
464 2895 607 2960 fideliter
629 2900 849 2960 conservetur.
896 2894 1058 2962 Sacerdos
1079 2917 1157 2962 vero
1173 2899 1313 2984 quilibet

262 2999 450 3085 frequenter
472 2999 586 3063 doceat
607 2997 735 3084 plebem
750 3019 852 3075 suem,
877 3004 917 3062 ut
939 3020 1015 3063 oum
1038 3000 1074 3063 in
1095 3000 1313 3066 celebratione

264 3102 436 3166 missarum
458 3101 606 3165 elevetur
638 3101 746 3164 hostia
780 3100 943 3177 salutaris,
978 3123 1012 3166 se
1043 3109 1232 3168 reverenter
1261 3105 1312 3167 in-

264 3205 386 3283 clinet;
418 3201 648 3268 idemfaoiens
672 3223 745 3266 cum
776 3225 848 3267 eam
871 3208 983 3288 portet
1004 3206 1176 3290 presbyter
1198 3205 1240 3270 ad
1263 3206 1314 3270 in-

263 3307 404 3386 firmum,
442 3326 541 3390 quem
578 3305 614 3368 in
652 3304 781 3370 decenti
818 3304 945 3392 babitu,
985 3308 1152 3393 supposito
1190 3308 1314 3374 mundo

264 3409 435 3486 velamine,
458 3407 543 3473 ferat
559 3411 593 3472 et
614 3407 734 3472 referat
755 3407 928 3473 manifeste
950 3431 988 3474 ac
1009 3408 1204 3493 hoporifioe¹
1237 3415 1315 3476 ante

264 3517 379 3597 pectus
410 3531 485 3575 cum
514 3509 700 3574 reverentia
722 3515 756 3575 et
778 3510 906 3590 timore,
938 3532 1066 3598 semper
1087 3512 1211 3578 lumine
1234 3535 1315 3601 pree-

265 3612 405 3691 cedente‚
429 3635 503 3677 oum
525 3611 571 3676 sit
593 3612 713 3678 candor
737 3613 818 3677 lucis
839 3618 993 3693 aeternae;
1016 3620 1056 3679 ut
1079 3636 1121 3679 ex
1144 3617 1204 3681 hoe
1225 3616 1314 3703 epud

266 3737 377 3781 omnes
411 3714 491 3780 fides
526 3719 560 3780 et
592 3715 721 3780 devotio
755 3721 913 3800 augeatur
925 3741 933 3795 ;
973 3717 1245 3801 quemadmodum
1278 3721 1315 3784 in

265 3817 410 3905 generali
434 3817 578 3882 Concilio
594 3817 765 3882 scribitur:
783 3818 1047 3885 tintinnabulum
1062 3842 1190 3906 quoque
1205 3823 1316 3887 simul'

266 3942 339 3985 omn
362 3919 488 3985 lumine
509 3920 729 3985 venerendam
756 3921 899 4006 eorporis
923 3921 1047 3987 Christi
1069 3923 1209 3988 hostiam
1231 3946 1315 3989 sem-

266 4045 325 4110 per
345 4023 516 4109 praeoedat,
540 4027 580 4086 ut
602 4023 673 4107 ejus
696 4022 806 4086 sonitu
829 4024 992 4088 excitetur
1012 4025 1159 4090 fidelium
1181 4025 1315 4092 devotio

266 4125 310 4190 ad
340 4126 428 4191 tenti
450 4125 652 4192 Sacramenti
684 4123 829 4190 debitam
852 4127 1083 4192 adorationem
1130 4129 1315 4196 Observent

268 4228 368 4292 otiam
389 4227 571 4293 sacerdotes
594 4247 667 4293 oum
688 4227 778 4292 omni
804 4227 979 4316 diligentia
1000 4251 1050 4310 ⁴ne
1071 4251 1163 4298 secra
1186 4233 1313 4298 Eucha

267 4330 362 4396 ristie
382 4353 442 4418 per
463 4330 586 4395 vitium
608 4334 668 4395 aut
690 4330 855 4396 diutinam
881 4335 1164 4398 conservationem
1185 4340 1313 4401 eontra
1399 4419 1402 4426 Ι

303 4725 468 4792 ¹donorr'fice]
487 4725 598 4787 honae,
613 4726 665 4780 sid.
789 4735 795 4787 Ι
849 4726 957 4793 ²sr'mul]
976 4727 1098 4788 similiter,
1107 4725 1160 4779 sid.
1269 4767 1274 4777 .
