3500 5784
451 796 515 858 148
775 813 925 863 nonsart
948 814 1179 865 ouossurusru

449 984 573 1050 tionem
587 984 726 1073 accipit¹,
753 993 822 1053 tam
845 988 1017 1055 evidenter
1036 992 1072 1054 in
1095 990 1165 1077 pios
1180 1010 1259 1054 usus
1274 986 1446 1074 expendat,
1462 990 1501 1049 ut

450 1092 583 1173 propter
604 1109 715 1153 earum
737 1090 954 1177 receptionem
975 1092 1067 1157 nulla
1088 1092 1192 1179 possit
1211 1088 1400 1177 cupiditatis
1422 1093 1502 1152 nota

451 1187 629 1274 denigrari3
666 1190 723 1277 qui
760 1191 901 1279 insuper,
940 1215 1014 1260 cum
1052 1198 1237 1259 accusatum
1269 1192 1360 1279 juste
1396 1190 1500 1277 possit

449 1289 625 1369 absolvere,
649 1294 859 1379 congaudeat,
884 1317 957 1361 cum
980 1317 1022 1361 ex
1049 1296 1181 1381 justitia
1208 1316 1393 1381 quenquam
1427 1313 1501 1357 con·

449 1391 602 1458 demnare
646 1395 781 1480 cogitur,
820 1418 862 1462 ex
907 1398 1127 1485 compassione
1171 1396 1358 1475 condoleat3
1403 1416 1500 1480 quem

449 1494 551 1558 etiam
577 1517 599 1559 a
631 1496 771 1561 veritate
800 1497 918 1584 judicii
940 1521 1008 1564 non
1030 1500 1164 1565 flectant
1186 1520 1276 1563 amor
1297 1501 1356 1562 aut
1379 1496 1499 1575 odium,

450 1596 551 1661 timor
571 1599 631 1662 aut
653 1620 734 1685 spes,
757 1620 868 1685 preces
890 1606 949 1666 aut
971 1601 1123 1687 pretium,
1146 1622 1203 1665 seu
1225 1599 1335 1685 aliqua
1356 1597 1500 1683 acceptio

449 1718 668 1784 personarum,
706 1722 767 1766 nec
804 1703 956 1789 decipiat,
991 1708 1031 1768 ut
1068 1724 1091 1767 a
1116 1724 1193 1767 cero
1217 1700 1352 1787 judicio
1383 1698 1498 1775 devrbt,

449 1799 616 1865 contemto
627 1800 873 1885 plancarum.
921 1802 1023 1889 Cujus
1048 1803 1172 1869 deliciae
1194 1804 1262 1867 nint
1285 1802 1443 1867 sobrietas
1465 1805 1499 1865 et

448 1901 656 1982 abstinentia,
680 1904 772 1989 cujus
795 1907 888 1991 quies
910 1905 1035 1971 labores
1058 1910 1092 1970 et
1115 1905 1248 1991 vigiliae,
1272 1904 1364 1989 cujus
1389 1907 1498 1967 totum

449 2003 645 2069 desiderium
683 2006 728 2070 sit
763 2005 935 2071 animabus
972 2006 1139 2093 prodesse3
1185 2006 1236 2070 cui
1281 2006 1325 2070 sit
1362 2024 1499 2091 praeesse

449 2127 548 2191 greve
575 2110 610 2171 et
642 2128 836 2188 onerosum3
857 2113 970 2173 tamen
993 2114 1125 2195 propter
1146 2108 1270 2173 bonum
1292 2106 1431 2169 aliorum
1453 2105 1499 2169 sit

449 2206 510 2272 hoc
532 2230 615 2273 onus
637 2208 806 2274 humiliter
827 2216 1013 2298 susceptum
1036 2210 1227 2295 fortiterque
1249 2213 1424 2295 portatum.

282 2324 438 2376 nieman·
495 2309 583 2390 Quia
602 2309 708 2397 igitur
731 2316 765 2377 te
787 2312 890 2377 talem
913 2314 949 2377 in
971 2312 1129 2399 regimine
1151 2310 1308 2399 pastorali
1334 2332 1403 2396 prae
1425 2309 1499 2373 aliis

281 2391 413 2516 wind
450 2412 507 2499 qui
529 2417 652 2478 nostrae
678 2414 843 2480 memoriae
878 2416 1099 2495 occurrebant,
1131 2415 1279 2479 futurum
1314 2412 1498 2477 firmissime

282 2524 411 2603 educens
449 2515 661 2601 speravimus,
700 2515 826 2582 dictum
870 2539 953 2582 onus
998 2517 1062 2582 tibi
1100 2538 1168 2604 prae
1213 2515 1287 2580 aliis
1331 2515 1498 2601 imponere

279 2598 404 2720 {ganz
450 2618 660 2683 decrevimus
722 2618 830 2684 Novit
868 2620 955 2684 enim
988 2619 1079 2685 Deus
1117 2619 1204 2705 quod
1241 2618 1269 2683 si
1307 2617 1499 2683 occurrisset

449 2721 614 2785 memoriae
652 2736 773 2788 nostiae
811 2744 908 2808 quem
947 2723 989 2788 ad
1033 2722 1159 2787 dictum
1204 2722 1349 2807 regimen
1395 2720 1497 2785 credi-

449 2822 608 2888 dissemus
647 2824 820 2902 utiliorem,
856 2826 995 2891 eundem
1041 2823 1104 2890 tibi
1149 2824 1184 2887 in
1229 2822 1328 2910 liujus
1366 2822 1498 2887 oneris³

447 2924 620 2990 collatione
658 2927 966 3012 praeposuissemus;
989 2926 1077 2991 unde
1114 2932 1222 2991 certus
1259 2946 1327 2990 esse
1364 2926 1496 3012 poteris,

447 3027 535 3112 quod
564 3049 632 3092 non
668 3033 708 3093 ut
741 3033 775 3093 te
798 3027 987 3106 ditaremus,
1012 3028 1068 3093 scd
1100 3034 1140 3094 ut
1171 3028 1345 3093 animabus
1382 3050 1496 3092 cousu-

446 3130 595 3210 leremus,
618 3130 655 3193 in
688 3129 786 3215 hujus
820 3130 1040 3195 solicitudinis
1072 3136 1201 3218 partem
1234 3136 1267 3195 te
1298 3131 1495 3196 vocavimus

447 3231 485 3296 Si
507 3232 611 3319 igitur
633 3233 772 3297 salutem
796 3233 990 3310 animarum,
1014 3233 1081 3297 imo
1104 3233 1132 3297 si
1164 3231 1277 3318 Ipsum
1301 3232 1412 3318 diligis
1440 3232 1497 3317 qui

279 3342 434 3396 s.J0h.xx·u
447 3332 527 3397 dicit
562 3334 670 3410 Petro,
695 3334 853 3421 nobisque
889 3335 924 3399 in
957 3334 1039 3421 ipso,
1070 3334 1113 3401 St
1148 3332 1272 3420 dilipia
1304 3355 1367 3414 me,
1396 3354 1496 3419 posce

282 3410 319 3459 ¹⁷'
447 3458 521 3503 ovea
553 3458 651 3515 amaa,
687 3459 769 3501 onus
802 3436 956 3524 pascendi
987 3459 1055 3501 non
1086 3437 1215 3513 abicias,
1251 3435 1396 3501 laborem
1429 3456 1493 3500 nou

446 3538 597 3624 refugias,
628 3560 689 3603 nec
719 3539 771 3605 his
802 3540 980 3626 assumptis
1013 3538 1163 3625 fatigeris
1193 3538 1230 3603 in
1262 3539 1361 3625 ipsis;
1382 3538 1496 3624 hujus·

447 3642 537 3705 modi
571 3640 659 3705 euim
697 3641 922 3729 fatigationem
956 3641 1025 3706 sola
1058 3648 1195 3728 generat
1226 3640 1372 3722 desidia3
1405 3661 1497 3705 amor

279 3752 420 3807 curvus
446 3765 524 3807 vero
557 3744 675 3808 salutis
706 3744 899 3823 animarum,
933 3745 990 3830 qui
1009 3742 1116 3828 fortis
1147 3750 1194 3809 eat
1222 3748 1262 3808 ut
1296 3764 1394 3820 mors,
1429 3764 1496 3807 non

279 3824 304 3869 ⁶·
446 3849 557 3931 potest
578 3847 613 3911 iu
636 3846 689 3910 his
710 3844 939 3931 fatigationem
963 3844 1093 3910 sentire.
1126 3842 1199 3924 Sed,
1225 3850 1263 3909 ut
1286 3844 1495 3932 suspicamur,

447 3948 566 4013 durum
615 3948 679 4013 tibi
723 3947 892 4013 videbitur
936 3947 1061 4012 scholas
1107 3947 1261 4027 deserere,
1307 3946 1496 4012 cathedram

447 4050 671 4137 magistralem
694 4054 735 4115 ut
765 4071 890 4115 sacram
923 4048 1124 4135 Scripturam
1148 4050 1263 4115 doceas
1293 4070 1361 4115 non
1388 4071 1497 4114 ascen·

448 4154 546 4232 dere;
568 4152 741 4238 dicentque
762 4152 827 4217 tibi
850 4151 983 4239 plurimi
998 4152 1086 4237 quod
1108 4172 1175 4216 non
1197 4151 1348 4217 dimittas
1370 4151 1498 4238 sapien-

447 4256 531 4321 tiam
553 4277 612 4342 pro
635 4255 771 4335 divitiis,
796 4254 1004 4340 fructumque
1026 4276 1123 4340 quem
1153 4254 1190 4319 in
1212 4254 1329 4319 scholis
1351 4253 1498 4319 docendo

447 4358 551 4424 facere
574 4357 705 4445 poteria,
729 4380 789 4445 pro
812 4356 1054 4443 dignitatibus,
1077 4362 1281 4443 arguentque
1314 4362 1348 4421 te
1370 4355 1499 4443 cupidi·

425 4462 527 4556 ¹tatis
558 4468 593 4527 et
630 4460 820 4526 ambitionis
852 4460 946 4546 quasi
979 4460 1143 4545 relinquas
1179 4459 1267 4524 bona
1297 4459 1401 4524 animi
1438 4480 1498 4546 pro

490 4600 588 4605 --.-..
604 4600 628 4606 .-
650 4600 769 4605 --.-..-
816 4598 843 4603 -.
881 4598 885 4602 .
908 4598 936 4602 .-
954 4598 970 4603 .-
982 4597 1054 4603 --...-
1093 4596 1489 4605 ---.--—--——.—.·----.

477 4671 485 4700 ¹
503 4670 608 4737 acepit]
627 4678 749 4735 acceptas,
757 4669 942 4729 Βιοητιιψιιιίῐ1
1027 4668 1146 4735 ὀψία]
1164 4668 1275 4731 honoris,
1285 4670 1388 4721 Brovn

444 4748 735 4817 ongquaapreuouly.
964 4682 972 4817 l
