3500 5784
667 857 846 908 sarsroun.
1217 841 1282 916 399

237 1031 331 1096 verbi
364 1031 618 1098 annunciatione
648 1031 729 1108 dicit
766 1029 966 1118 Apostolus:
1027 1025 1135 1094 Ncnw
1179 1031 1286 1113 potest
1302 1048 1313 1092 1
1327 1043 1443 1104 corais

238 1131 348 1200 dicere
377 1131 551 1200 Dominus
587 1133 688 1201 Jeava
707 1131 782 1200 ciat
809 1132 855 1208 c'c
883 1129 1026 1218 Spiritu
1054 1129 1185 1198 Sorsoto.
1240 1127 1288 1194 Et
1298 1117 1322 1161 ³·

239 1235 303 1300 nisi
325 1235 418 1300 verbi
449 1235 620 1323 plenitudo
651 1237 815 1303 clauderet
836 1234 873 1300 in
902 1257 937 1302 se
958 1233 1190 1322 operationem,
1219 1252 1288 1297 non

239 1337 361 1404 diceret
382 1338 461 1404 alibi
484 1338 663 1426 Apostolus
686 1339 726 1404 de
748 1338 946 1424 quibusdam
979 1338 1088 1402 Deum
1111 1357 1166 1404 ore
1187 1333 1289 1420 oorcst·
1302 1350 1381 1403 mt.·n
1396 1355 1433 1404 ro.

240 1439 388 1508 aarum
417 1439 479 1528 qui
508 1463 588 1508 cum
610 1441 716 1527 suetis
747 1448 882 1527 causa
943 1440 980 1506 Is
1004 1440 1110 1526 igitur
1130 1439 1290 1506 veraciter

239 1549 291 1609 est
337 1544 433 1610 verbi
465 1544 691 1622 annunciator,
737 1543 830 1630 cujus
869 1542 1084 1609 annunciatio
1121 1541 1210 1607 vivit
1250 1541 1290 1606 de

239 1644 387 1712 interiori
408 1645 474 1711 fida
495 1645 673 1712 informata
702 1645 874 1712 dilectione
906 1646 1128 1733 operationem
1150 1642 1292 1710 exterio-

239 1767 308 1814 rem
330 1747 430 1814 saluti
452 1748 636 1814 animarum
658 1747 870 1814 necessariam
901 1747 1100 1834 producente
1110 1745 1129 1815 ¹.
1174 1746 1293 1834 Specu-

240 1850 327 1916 lator
366 1851 486 1936 itaque,
524 1851 582 1936 qni
622 1849 698 1916 talis
735 1850 1001 1916 annunciationis
1048 1849 1160 1916 sonitu
1197 1847 1293 1934 qnasi

242 1953 378 2018 buccina
399 1953 539 2032 insonat,
573 1952 667 2018 viso²
690 1951 799 2039 gladio
832 1960 1073 2040 superterram
1094 1952 1293 2040 venientem,

241 2055 386 2120 animam
407 2077 500 2121 suam
521 2053 687 2120 liberavit:
739 2055 898 2141 Alioquin
911 2055 1125 2142 proculdubio
1146 2075 1223 2120 reus
1244 2058 1295 2120 est

241 2157 410 2244 sanguinis
435 2158 562 2234 animae,
597 2157 709 2222 ablato
740 2158 819 2244 ipso,
842 2158 982 2224 buccina
1010 2179 1080 2224 non
1111 2159 1293 2226 insonante.

243 2261 385 2326 Buccina
407 2260 496 2324 anim
526 2259 600 2344 quis
621 2281 690 2324 non
712 2260 850 2342 insonat,
873 2261 940 2326 nisi
962 2260 1145 2326 doctrinam
1173 2259 1294 2326 saluta-

242 2383 320 2442 rem,
345 2384 442 2448 quam
464 2363 620 2428 exteriori
641 2362 742 2430 verbo
757 2363 821 2428 oris
836 2363 968 2450 profert,
983 2363 1048 2428 fide
1062 2362 1160 2428 firma
1172 2365 1293 2441 teneat,

243 2465 365 2531 affectu
409 2465 534 2531 sincero
572 2463 811 2532 invincibiliter
854 2465 983 2552 diligat,
1021 2471 1057 2532 et
1092 2464 1295 2551 infatigabili

243 2567 348 2654 operis
370 2567 526 2632 exercitio
548 2567 717 2653 compleat,
748 2573 788 2634 ut
820 2567 980 2655 populum
1001 2568 1065 2633 sibi
1086 2568 1295 2634 commissum

242 2677 355 2736 contra
395 2669 544 2757 gladium
586 2669 870 2764 supervenientem
905 2670 1044 2747 muniat,
1084 2691 1152 2736 non
1188 2669 1295 2736 solum

243 2773 353 2838 verbis
382 2772 584 2850 sonantibus,
618 2772 676 2837 sed
698 2773 803 2838 multo
825 2772 966 2859 amplius
989 2772 1141 2858 operibus
1163 2793 1207 2838 ex
1227 2771 1293 2837 fide

245 2875 402 2962 diligente
430 2873 629 2954 viventibus,
653 2875 690 2940 in
712 2874 852 2942 salutem
885 2875 1071 2940 animarum
1093 2874 1292 2962 proficienti-

244 2977 312 3044 bus
374 2976 456 3058 Quis
487 2981 599 3042 autem
632 2977 770 3064 negabit
803 2997 903 3064 opera
936 2977 1149 3058 visitationis,
1172 2997 1293 3044 eorrec-

243 3080 353 3160 tionis,
376 3085 411 3144 et
433 3079 672 3146 reformationis
693 3079 730 3144 in
744 3079 886 3145 salutem
907 3079 1094 3145 animarum
1114 3078 1293 3166 plurimum

245 3183 421 3269 proficeret

290 3285 459 3366 Quomodo
495 3285 597 3372 igitur
633 3284 817 3352 secludetur
853 3291 890 3350 et
926 3285 1109 3372 excipietur
1129 3308 1151 3350 a
1179 3284 1293 3352 sonitu
1307 3295 1357 3344 aad
1367 3295 1439 3347 other

244 3387 390 3455 bucoime
412 3408 479 3453 vox
500 3387 617 3452 horum
640 3390 795 3474 operuml
841 3385 980 3452 Habent
1001 3387 1098 3468 enim,
1121 3392 1161 3453 ut
1182 3409 1294 3474 supra·
1307 3363 1441 3428 examples

245 3495 371 3557 iactum
401 3495 460 3569 est
496 3511 594 3577 opera
625 3489 754 3578 pondus
786 3489 876 3556 vocis
909 3493 945 3555 et
974 3490 1130 3556 clamoris
1186 3489 1296 3558 Aliter

245 3595 332 3659 enim
354 3614 423 3659 non
445 3592 583 3658 dixisset
605 3592 768 3658 Dominus
790 3593 833 3658 ad
856 3592 994 3678 Cbaym,
1024 3593 1095 3659 Vos
1107 3592 1460 3680 amministrandam.

239 3695 368 3784 fratria
416 3693 470 3762 tui
509 3693 634 3760 clamet
666 3694 714 3760 cd
751 3715 804 3760 mc
834 3694 874 3761 dc
907 3701 1011 3775 terrm
1044 3716 1151 3782 neque
1187 3695 1295 3762 Judas

245 3797 453 3866 Machabaeus
487 3801 610 3864 orasset
631 3797 820 3878 Dominum,
844 3803 885 3862 ut
905 3817 1017 3864 uocem
1038 3797 1226 3884 comma
1247 3799 1461 3866 edwio-viii·

246 3921 279 3968 ac
311 3900 495 3970 cromatia
532 3899 688 3980 oudirct;
711 3921 770 3966 nec
801 3901 940 3966 dirimet
972 3899 1143 3980 Dominus,
1166 3901 1293 3968 eloam
1306 3878 1453 3992 basar.

245 4003 469 4072 deductorum
506 4009 537 4069 et
567 4003 825 4070 Gmnorreorum
849 4001 1104 4088 multiplrbcttw
1133 4009 1203 4084 est;
1232 4025 1293 4070 nec
1306 4012 1346 4056 2⁰·

246 4103 384 4169 dixisset
393 4103 515 4168 iterum
527 4102 636 4187 Moysi
650 4103 807 4169 exteriori
818 4123 898 4169 voce
912 4102 1045 4179 tacenti,
1062 4101 1156 4184 Quid
1166 4103 1293 4170 cunm
1305 4121 1386 4174 Esou
1398 4122 1451 4175 xiv.

245 4205 373 4273 edocet
393 4227 454 4271 nec
468 4205 632 4271 diceretur
647 4205 734 4290 quod
748 4203 907 4293 Ιαονμηιω
921 4203 1037 4272 viduo
1050 4205 1098 4270 od
1111 4205 1294 4272 mltum
1308 4194 1346 4239 ¹⁵·

245 4307 460 4387 dmocoduot
475 4314 506 4375 et
527 4306 727 4375 manneio
748 4307 819 4396 ejus
840 4329 944 4397 cuper
969 4305 1187 4376 mcum
1210 4255 1439 4392 miiiiiis.

282 4715 289 4744 ¹
302 4713 463 4782 producente]
481 4729 530 4766 om.
542 4711 633 4766 c.o.c.
765 4711 772 4782 Ι
828 4714 839 4744 ²
853 4713 919 4780 oisc]
936 4714 973 4774 in,
984 4713 1057 4766 'lb-in.
