3500 5784
676 831 853 884 senense.
1227 819 1292 886 423

241 1007 404 1076 cientibus
425 1008 560 1076 videtur
582 1009 688 1076 omnis
710 1010 869 1096 subjectio
892 1014 928 1077 et
946 1008 1124 1097 compulsio
1141 1009 1292 1078 libertati

240 1111 411 1179 contrariu
458 1111 525 1178 Sed
544 1113 665 1199 decipit
698 1133 753 1178 eos
774 1112 875 1177 nimis
898 1134 1005 1178 crasse
1021 1112 1190 1192 {antesin
1213 1113 1290 1179 sub·

240 1235 308 1278 esse
330 1236 472 1300 nemque
505 1237 570 1282 nou
595 1215 819 1302 simpliciteri,
843 1217 902 1282 sed
923 1214 1030 1294 elicui,
1054 1215 1198 1280 servitus
1230 1221 1288 1282 est

241 1315 400 1402 Compelli
416 1339 544 1404 quoque
558 1339 626 1383 non
641 1317 852 1404 simpliciter¹‚
863 1316 921 1383 sed
936 1317 980 1384 sd
994 1317 1129 1404 eliquid,
1146 1318 1290 1384 servitus

238 1422 296 1486 est.
335 1419 473 1486 Subesss
495 1441 637 1507 nemque
667 1441 726 1485 suo
748 1420 894 1486 inferiori
916 1424 951 1485 et
972 1421 1121 1506 compelii
1142 1420 1186 1484 cd
1208 1441 1290 1507 opus

238 1521 326 1607 quod
348 1544 441 1588 suem
463 1544 531 1588 non
553 1522 646 1588 decet
668 1522 873 1610 dignitatem,
897 1522 1039 1588 servitus
1061 1527 1133 1603 est3
1155 1522 1289 1590 bomine

238 1629 349 1690 eutem
371 1624 506 1692 inferior
528 1631 578 1692 est
603 1623 711 1704 cer0²,
733 1625 886 1704 mundus,
913 1623 1087 1706 doemones,
1121 1628 1155 1691 et
1184 1624 1288 1705 vitie3

239 1748 339 1812 quere
361 1727 413 1791 his
443 1728 573 1793 subesse
611 1732 645 1792 et
675 1727 718 1792 ed
755 1748 853 1813 opere
885 1747 1000 1792 eorum
1036 1726 1108 1812 cogi
1145 1727 1287 1792 servitus

239 1832 296 1894 est.
372 1828 511 1894 Subesse
557 1834 669 1894 autem
707 1829 780 1895 Dco
828 1833 862 1894 et
908 1828 1032 1894 divinis
1079 1829 1208 1916 legibus
1251 1834 1286 1895 et

238 1931 459 2018 superioribus
474 1933 695 2019 potestatibus
717 1954 739 1997 e
753 1932 825 1998 Deo
844 1932 1034 1998 constitutis
1057 1936 1092 1998 et
1115 1930 1285 2012 ordinetis,

238 2055 305 2099 non
339 2034 489 2112 servitus,
524 2036 582 2101 sed
614 2035 749 2100 libertus
780 2041 838 2102 cst.
894 2034 987 2100 Licet
1017 2034 1106 2098 enim
1137 2033 1286 2100 homines

237 2139 306 2202 sint
339 2138 395 2224 qui
425 2137 462 2202 in
490 2138 709 2225 potestatibus
739 2161 760 2202 e
788 2136 860 2202 Deo
897 2135 1071 2202 constituti
1101 2142 1188 2215 sunt,
1210 2157 1285 2201 cum

237 2237 283 2302 eis
305 2237 459 2304 obeditur
488 2244 687 2326 potestatem
717 2239 781 2304 sibi
812 2238 1017 2303 commissam
1047 2237 1283 2317 exercentibus,

237 2363 304 2406 non
335 2340 531 2421 bominibus,
564 2342 620 2406 sed
654 2341 726 2407 Deo
758 2341 795 2406 in
829 2340 917 2426 ipsis,
947 2340 1106 2407 obeditur.
1152 2340 1285 2406 Debent

237 2464 365 2529 quoque
396 2443 454 2530 qui
476 2444 556 2532 ipsis
582 2444 721 2529 subjecti
747 2447 835 2521 sunt,
858 2449 1017 2529 tanquam
1039 2443 1226 2509 incedentes
1248 2443 1285 2508 in

236 2545 387 2610 omnibus
409 2547 576 2612 mandetis
598 2550 632 2610 et
650 2545 945 2631 justificationibus
963 2544 1027 2611 Dei
1049 2545 1120 2610 sine
1142 2545 1284 2632 querele,

236 2668 303 2712 non
336 2654 445 2714 coecte
475 2649 532 2714 sed
565 2653 753 2735 spontanee,
776 2649 813 2712 in
844 2647 997 2713 omnibus
1030 2649 1194 2713 cononicis
1227 2649 1283 2729 eis,

236 2748 302 2814 imo
347 2749 418 2816 Dec
463 2750 500 2816 in
545 2751 600 2832 cis,
646 2750 881 2837 obtemperans,
926 2755 960 2814 et
1004 2749 1051 2816 sic
1095 2750 1283 2817 libertatem

235 2873 434 2920 conseruere.
492 2851 589 2934 Quod
621 2855 650 2918 si
681 2853 785 2940 aliqui
818 2850 1013 2939 deprevati⁸
1050 2853 1087 2916 in
1123 2853 1176 2918 his
1208 2848 1285 2940 quae

166 3023 172 3034 ,
234 2955 388 3021 senonice
433 2959 521 3033 sunt,
567 2955 635 3020 suis
665 2953 885 3041 superioribus
935 2975 1004 3019 non
1055 2954 1284 3043 obtemperent

236 3057 423 3138 voluntarii,
470 3058 650 3145 compulsio
703 3057 743 3122 ad
798 3056 1092 3143 obtemperandum
1143 3059 1179 3124 in
1223 3059 1284 3126 bec

234 3165 327 3247 pecte
371 3182 440 3226 non
476 3162 556 3228 fecit
601 3161 803 3238 servitutem,
850 3159 908 3225 sed
952 3182 1066 3226 veram
1102 3161 1284 3229 introducit

232 3263 441 3344 libertatem
486 3265 564 3349 quic
610 3262 839 3350 compulsionis
869 3263 1004 3328 vexetis
1041 3261 1177 3328 tandem
1224 3265 1284 3331 det

234 3366 444 3445 intellectum,
480 3372 520 3431 ut
551 3366 641 3453 quod
671 3366 737 3432 fuit
767 3365 1039 3444 involuntarium,
1073 3367 1135 3432 fiet
1166 3367 1284 3434 volun·

234 3468 369 3546 terium‚'
395 3491 433 3536 oc
462 3490 522 3556 per
552 3469 612 3535 hoc
641 3468 776 3536 tundem
807 3491 875 3534 non
908 3468 1027 3536 servile
1060 3469 1118 3536 sed
1149 3470 1283 3536 omnino

232 3569 381 3636 liberum.

278 3671 377 3737 Forte
407 3671 526 3752 dicent,
550 3671 707 3738 tentum⁴
734 3677 785 3738 est
807 3673 990 3760 capitulum
1011 3696 1054 3741 ex
1075 3676 1189 3754 tentis,
1211 3682 1282 3741 tem
1296 3701 1436 3766 osjoeuon,

233 3775 428 3854 reverendis,
467 3780 603 3862 temque
639 3775 823 3862 magnificis
859 3777 1007 3864 personis
1047 3769 1348 3884 congregceumtgs
1358 3769 1402 3885 {0

232 3877 322 3963 quod
343 3879 451 3964 ipsum
475 3879 606 3944 visitari
628 3883 678 3944 est
700 3879 938 3965 incongruum
959 3881 1089 3945 visitari
1104 3881 1192 3946 enim
1214 3904 1282 3948 non
1294 3850 1399 3953 {efficti
1409 3903 1440 3953 of

232 3981 383 4068 congruit
414 3980 479 4046 nisi
508 3979 702 4047 inflnnitete
731 3987 914 4068 grevuunn
965 3982 1032 4048 Sed
1069 3983 1129 4049 hoc
1166 3983 1281 4063 dicere,
1294 3977 1451 4086 mm

233 4089 318 4150 esset
355 4084 430 4172 plue
468 4106 566 4171 quem
604 4083 736 4151 sobrie⁶
771 4107 907 4173 sepere3
946 4109 1022 4153 cum
1058 4087 1100 4152 de
1136 4109 1170 4152 se
1214 4109 1282 4153 non
1293 4043 1391 4152 idda.

234 4192 392 4274 congruet
415 4185 527 4253 udum
548 4207 662 4273 cupere
683 4186 741 4254 sed
762 4187 874 4274 tuapte
896 4186 1022 4267 tienne,
1047 4192 1082 4255 et
1104 4189 1283 4256 secundum
1294 4184 1331 4236 1¹⁸
1342 4199 1449 4237 ⁸¹¹⁸*ss-

1294 4279 1369 4328 Rom.
1394 4276 1412 4327 ἰ.

1296 4351 1337 4396 20.

265 4433 273 4464 ¹
290 4433 445 4498 simpliciter]
465 4432 729 4496 similiter‚'l¹1·in.‚Ox.
750 4447 756 4514 1
780 4435 916 4498 dampnati,
927 4435 999 4484 'Prin

267 4513 277 4541 “·“
293 4512 366 4577 cero]
386 4528 423 4573 ee,
436 4512 507 4564 utin.
814 4513 824 4542 ⁴
841 4514 947 4581 tantum]
966 4514 1075 4575 tandem,
1087 4514 1158 4566 Trin.

267 4589 437 4658 'depracatfl
473 4591 591 4656 deputati,
620 4591 729 4654 C.C.C.;
815 4592 932 4661 'setrid
951 4594 1068 4660 scribere,
1081 4595 1171 4648 C.C.C.
