3500 5784
704 809 882 865 minime.
1068 760 1072 768 ’
1270 803 1315 876 87

270 981 327 1053 sed
364 983 428 1054 fuit
472 986 607 1072 embryo
644 985 832 1066 inanimata,
872 1009 946 1075 qnae
989 1009 1057 1056 non
1100 989 1212 1075 potuit
1247 1011 1315 1056 eme

271 1083 419 1171 legitima
441 1088 495 1154 vel
528 1088 699 1176 illegitima
730 1095 808 1159 aute
839 1090 1127 1178 participationem
1161 1092 1313 1162 humani*

270 1189 350 1254 tetis
394 1211 453 1276 per
496 1190 692 1261 infusionem
736 1193 856 1268 animae
900 1194 1090 1275 rationalis3
1126 1194 1314 1280 hujmmodi

270 1290 382 1376 itaque
412 1293 648 1380 patrimonium
679 1317 778 1367 eausa
810 1301 861 1365 eet
892 1296 1142 1384 legitimationis
1172 1297 1316 1369 hominis

270 1394 416 1468 nondmn
448 1397 629 1475 existentia,
653 1399 710 1464 sed
741 1398 846 1469 adhue
877 1398 994 1480 futuri,
1015 1400 1093 1467 lieet
1118 1400 1155 1464 in
1176 1399 1315 1474 somiein

270 1497 362 1570 uene
384 1500 539 1586 eunoepti
586 1499 695 1586 Igitur
717 1523 776 1588 per
805 1501 1024 1574 universalem
1046 1503 1193 1589 regulam
1216 1516 1315 1588 supro

270 1598 400 1681 dietam,
423 1601 656 1688 multomagis
678 1605 744 1678 erit
764 1603 1012 1676 matrimonium
1034 1625 1131 1676 eausa
1151 1604 1314 1690 legitima·

269 1700 369 1768 tionis
391 1703 531 1772 hominis
553 1705 724 1790 prementia
746 1705 832 1773 eive¹
856 1706 1109 1792 praesentialiter
1131 1707 1313 1784 existentia

269 1803 346 1875 lieet
366 1805 521 1876 fueritin
540 1805 755 1880 fornicatione
774 1813 956 1895 eoueeptua
991 1808 1066 1890 Qua
1084 1809 1173 1882 enim
1192 1813 1315 1882 natura

270 1907 513 1980 umesunderee
535 1930 568 1976 re
594 1909 788 1996 legitimum
819 1911 990 1997 presentis
1021 1915 1056 1978 et
1088 1910 1202 1982 rtatim
1234 1909 1316 1978 deai-

269 2011 381 2080 nentis
402 2012 605 2084 matrimonii
626 2013 663 2085 in
684 2013 790 2085 filium
811 2013 969 2093 futurum,
992 2035 1162 2100 uunquam
1183 2013 1315 2081 habitu·
1370 2040 1373 2044 ·

269 2134 343 2184 rum
365 2113 532 2186 vinetilum
555 2115 704 2188 naturale
726 2117 888 2188 naturalis
913 2116 1084 2188 metionis
1115 2138 1190 2188 oum
1211 2121 1314 2204 petre,

269 2220 391 2288 utnon
413 2216 659 2290 transfunderet
680 2239 714 2284 se
736 2218 928 2306 legitimum
949 2219 1153 2292 matrimonii
1175 2240 1314 2305 praeuen-

268 2316 313 2385 tie
337 2317 373 2385 in
403 2318 509 2390 filium
533 2324 737 2405 praesentem,
760 2321 937 2390 habentem
966 2320 1219 2408 praesentialiter
1240 2320 1313 2386 vin·

269 2420 379 2488 culum
402 2421 550 2490 natmele
572 2423 733 2492 naturalia
755 2423 926 2492 filiationis
957 2445 1032 2492 oum
1063 2426 1181 2510 petrei
1226 2423 1314 2498 Item

268 2545 388 2608 quaero,
411 2545 456 2590 an
488 2524 676 2612 hujusmodi
705 2525 826 2612 judieii
854 2525 982 2612 judiees
1016 2525 1191 2598 decernant
1212 2525 1314 2612 prolis

268 2625 542 2712 legitimationem
573 2649 630 2694 eeu
663 2627 964 2714 illegitimationem
986 2649 1028 2697 ex
1054 2632 1213 2714 conceptu
1235 2629 1312 2706 eolo,

267 2733 327 2796 aut
349 2751 391 2798 ex
412 2730 593 2801 nativitate
615 2731 694 2811 oola,
716 2737 776 2800 aut
806 2753 848 2800 en
877 2731 1027 2816 utrisque
1048 2730 1166 2799 simma
1210 2729 1249 2806 Si
1271 2753 1314 2804 ex

268 2837 426 2920 conceptu
461 2833 538 2912 eolo,
570 2838 649 2904 tuno
681 2834 787 2922 proles
825 2838 980 2921 eonoepta
1016 2833 1052 2902 in
1088 2831 1313 2913 fornieotione,

268 2935 368 3004 etiam
390 2936 420 3004 ei
441 2940 516 3022 poet
538 2936 787 3003 matrimonium
809 2935 910 3004 fuerit
931 2940 1021 3016 nata,
1039 2934 1103 3007 erit
1123 2934 1314 3022 illegitima3

267 3039 325 3104 aed
357 3061 415 3124 per
447 3038 546 3107 breve
580 3039 667 3126 quod
700 3039 736 3110 ui
761 3038 891 3125 judiees
919 3038 1100 3111 voluerunt
1135 3037 1233 3104 mribi
1269 3038 1313 3112 eb

269 3141 435 3228 episeopis,
458 3141 611 3210 videlieet
639 3143 727 3228 quod
757 3141 834 3210 tulis
866 3145 965 3212 natue
994 3140 1062 3212 fuit
1094 3145 1173 3207 ente
1197 3141 1311 3209 matri-

268 3245 415 3314 monium
436 3245 491 3310 vel
522 3249 605 3332 poet,
629 3247 723 3330 patet
746 3245 834 3332 quod
858 3243 1012 3329 judicant
1035 3264 1167 3314 omnem
1188 3242 1313 3330 prolem

268 3352 342 3434 poet
364 3347 612 3416 matrimonium
634 3351 748 3414 natam
764 3368 833 3414 eme
854 3345 1064 3433 legitimum
1086 3349 1146 3413 aut
1167 3344 1313 3415 inaniter

268 3455 419 3538 peterent
454 3449 515 3515 sub
554 3449 615 3516 toli
652 3449 757 3520 forma
795 3449 858 3517 sibi
895 3448 938 3516 ab
976 3447 1134 3535 episeopis
1170 3447 1312 3513 rescribi.

271 3555 378 3642 Igitur
400 3555 429 3622 oi
455 3576 496 3624 ex
528 3559 686 3640 conceptu
717 3553 785 3619 solo
819 3552 1009 3632 decernunt,
1032 3555 1126 3638 patet
1147 3550 1236 3636 quod.
1257 3550 1313 3620 de-

269 3662 404 3726 cernent
425 3655 491 3726 duo
513 3656 696 3737 eontraria3
729 3678 768 3722 so.
792 3655 917 3743 prolem
940 3655 978 3722 in
998 3653 1214 3724 fornicatione
1237 3674 1313 3726 eon-

268 3765 395 3846 oeptam
417 3765 552 3846 propter
574 3765 765 3845 eonoeptum
791 3779 859 3824 eme
884 3757 1100 3844 illegitimam,
1124 3760 1159 3829 et
1179 3761 1313 3842 propter

267 3863 480 3932 nativitatem
510 3861 602 3948 post2
625 3860 871 3929 matrimonium
903 3881 972 3925 esee
993 3859 1195 3946 legitimam
1226 3857 1311 3926 siout

267 3965 415 4032 insinuat
447 3963 571 4032 dietum
605 3963 723 4045 breve3
750 3966 784 4029 et
821 3961 867 4028 sio
905 3961 1006 4032 etiam
1042 3983 1103 4030 neo
1132 3959 1312 4029 deoernuut

267 4067 539 4154 legitimationem
573 4071 606 4132 et
637 4064 934 4153 illegitimationem
970 4086 1028 4152 per
1065 4063 1309 4153 oonoeptionem

267 4172 375 4238 oolam.
422 4169 460 4236 Si
483 4190 561 4238 vero
587 4169 740 4256 judicent
772 4166 1047 4254 legitimationem
1074 4173 1109 4232 et
1141 4165 1211 4252 ejus
1235 4187 1309 4234 oon-

267 4273 406 4339 trarium
444 4293 485 4337 ex
522 4276 681 4359 conceptu
721 4274 755 4337 et
800 4269 980 4336 nativitate
1017 4268 1126 4350 simul,
1163 4273 1243 4333 tuno
1281 4268 1309 4332 ei

304 4655 656 4721 ¹proesmtissim10m.ox.
787 4653 794 4722 Ι
847 4653 940 4722 ²1mt]
958 4650 1147 4719 nemimem
