3500 5784
452 837 520 904 208
774 856 921 908 noenum
942 855 1177 908 csossrrrsrn

454 1027 670 1110 occeperent3
692 1027 727 1092 et
755 1029 915 1114 tunquam
946 1028 975 1092 si
1006 1049 1083 1096 sves
1115 1028 1197 1110 eseli,
1219 1027 1332 1096 relicte
1365 1025 1498 1114 regione

454 1125 619 1212 superiori,
642 1126 760 1194 fierent
781 1151 856 1194 cum
876 1129 978 1216 telpis
999 1131 1034 1196 in
1056 1132 1201 1198 obscuris
1222 1138 1327 1210 terrae,
1351 1129 1497 1217 ejusdem

453 1230 551 1294 terrae
598 1230 793 1298 mffoswroe.
852 1233 897 1298 In
930 1233 1014 1300 libro
1048 1233 1317 1323 Paralipomenon
1354 1230 1498 1299 secundo

289 1338 410 1394 seim.
453 1329 625 1398 Aeneae
646 1333 799 1400 mardos
819 1340 850 1402 et
874 1335 1032 1422 posuisse
1064 1336 1278 1402 constituitur
1309 1357 1428 1424 praeses
1453 1332 1498 1399 im

287 1405 343 1460 ¹¹¹²
357 1411 395 1472 ¹¹⁹
405 1411 443 1460 ¹⁰·
452 1431 510 1500 tto
530 1456 606 1522 pue
619 1435 668 1502 ad
688 1436 802 1502 Decem
819 1437 995 1524 pertinent
1006 1463 1020 1518 ;
1042 1443 1083 1504 ut
1105 1439 1290 1506 ostenderet
1311 1437 1495 1514 veritatem,

452 1535 648 1626 eumen
667 1538 809 1626 qssoeetio
830 1546 904 1606 crat
926 1539 967 1606 de
990 1539 1065 1626 lege,
1085 1540 1126 1606 de
1148 1540 1321 1622 muasdeto,
1339 1539 1380 1606 de
1401 1537 1496 1606 eccui¹

451 1638 590 1717 monle,
619 1647 649 1708 et
672 1640 987 1728 testificationibus
1041 1641 1151 1710 Porro
1188 1641 1366 1720 Zatedins,
1392 1639 1497 1729 filim

452 1739 862 1830 suscepissemus
887 1743 932 1811 in
955 1743 1368 1834 dmrchula,euqsercc
1394 1764 1496 1830 opera

451 1845 1207 1934 quadngisoffio’mompertimebcmt
1254 1849 1297 1914 In
1319 1848 1370 1914 his
1391 1847 1496 1934 igitur

452 1947 589 2027 duobus,
612 1970 752 2034 quorum
775 1948 861 2015 ulter
891 1955 963 2016 eret
985 1949 1027 2016 de
1059 1971 1177 2038 genere
1197 1949 1398 2028 sacerdotali,
1421 1947 1495 2014 reli-

451 2071 537 2136 quus
569 2073 648 2118 vero
680 2051 722 2118 de
753 2050 846 2116 tribu
876 2051 1057 2138 Beujsmin,
1090 2053 1170 2118 setis
1200 2052 1430 2118 manifestetur
1459 2072 1497 2116 es

451 2154 583 2240 negotis
604 2175 679 2239 quse
701 2155 745 2219 ed
767 2153 876 2220 Deum
891 2156 1066 2242 pertinent,
1081 2155 1240 2226 tradenda
1261 2176 1330 2221 esse
1351 2153 1495 2242 personis

450 2255 684 2337 ecclesiasticis,
706 2278 746 2322 ee
766 2278 845 2322 vero
875 2278 950 2343 quae
984 2257 1027 2322 ed
1054 2257 1206 2337 seculum,
1228 2256 1375 2344 personis
1406 2277 1494 2321 secu-

451 2357 598 2439 laribus3
620 2358 709 2426 unde
731 2358 817 2425 sieut
839 2358 921 2425 dicit
942 2359 966 2424 J
968 2358 1138 2436 monimus,
1164 2359 1257 2426 “duo
1278 2364 1357 2424 sunt
1378 2379 1495 2446 genere

451 2471 470 2498 “
493 2460 775 2539 Christienorum;
800 2465 852 2526 est
872 2465 986 2527 eutem
1017 2483 1120 2526 unum
1150 2483 1253 2549 genus
1285 2461 1374 2548 quod
1405 2481 1495 2524 men·

451 2564 638 2651 “cipetum
667 2563 782 2629 divino
803 2561 908 2628 officio
930 2568 965 2628 ct
987 2563 1138 2629 deditum
1160 2563 1427 2650 contemplationi
1461 2567 1495 2628 et

450 2673 470 2703 “
492 2666 641 2744 orationi,
663 2665 707 2732 sb
728 2665 818 2731 omni
849 2665 990 2752 strepitu
1012 2665 1241 2752 temporalium
1275 2685 1397 2732 cessere
1419 2687 1494 2731 oon-

451 2775 470 2805 “
491 2769 592 2847 venit,
608 2775 650 2834 ut
670 2772 750 2833 sunt
763 2768 871 2833 cleriei
886 2773 920 2834 et
936 2767 1006 2834 Deo
1028 2767 1149 2848 devoti,
1165 2767 1319 2834 videlicet
1340 2768 1494 2834 conversi

449 2877 469 2908 “
491 2871 594 2936 Aliud
610 2892 687 2937 vero
700 2892 803 2958 genus
817 2876 868 2935 est
884 2868 1155 2951 Christianorum,
1171 2875 1211 2936 ut
1226 2875 1304 2936 sunt
1326 2871 1420 2952 lsici;
1442 2871 1494 2934 his

449 2981 469 3009 “
490 2994 676 3038 oonoessum
706 2978 758 3038 est
790 2993 926 3038 uxorem
960 2973 1085 3053 ducere,
1119 2977 1240 3038 terrem
1270 2973 1384 3051 colere,
1407 2972 1494 3038 inter

449 3073 600 3140 “virum
638 3079 673 3141 et
708 3075 818 3139 virum
850 3074 1010 3160 judicare,
1044 3095 1157 3140 eeums
1189 3073 1314 3162 egere.’'
1359 3075 1403 3140 In
1434 3075 1493 3140 hec

448 3177 562 3263 iteque
582 3175 792 3243 distinctione
821 3181 916 3262 petet
946 3177 1034 3264 quod
1059 3177 1222 3262 judicium
1244 3177 1387 3242 seculum
1408 3178 1494 3242 inter

447 3280 558 3345 virum
579 3283 615 3344 et
635 3279 745 3343 virum
767 3284 803 3344 et
824 3279 912 3344 ectio
934 3301 1104 3346 causarum
1125 3280 1329 3357 seoulnrium,
1352 3279 1410 3369 (de
1443 3279 1493 3344 his

447 3381 538 3447 enim
574 3386 700 3448 certum
737 3385 789 3446 est
810 3380 1017 3446 Jeronimum
1051 3381 1254 3466 intendisse),
1293 3383 1492 3448 solummodo

370 3495 377 3504 ’
451 3483 543 3550 luicis
570 3483 736 3550 attribute
757 3489 845 3563 sunt,
869 3483 1048 3572 segregetis
1070 3483 1192 3550 clericis
1214 3489 1248 3550 et
1270 3484 1342 3550 Deo
1365 3485 1492 3550 devotis

448 3585 491 3651 eb
505 3585 682 3652 eorundem
696 3585 915 3671 occupetione.
962 3585 1008 3651 Et
1021 3607 1080 3656 cur
1093 3607 1159 3652 non
1175 3585 1298 3672 pudent
1311 3587 1491 3653 secerdotes

451 3687 655 3754 Christianos
691 3687 891 3754 secnlsribus
924 3688 1064 3774 negotiis
1095 3687 1263 3774 impliceri,
1298 3709 1371 3754 cum
1409 3691 1491 3755 sicut

281 3799 423 3851 anieron
450 3795 565 3856 narret
585 3789 774 3856 Jeronimus
794 3811 838 3855 ex
851 3789 1009 3856 relatione
1032 3789 1282 3856 “(lhaeremonis
1303 3793 1406 3870 stoici,
1429 3792 1491 3856 viri

279 3867 422 3994 {liffi'l’
451 3900 471 3930 “
492 3891 758 3978 eloquentissimi,
780 3893 853 3958 vite
872 3892 1086 3978 antiquorum
1115 3893 1317 3958 secerdotum
1339 3895 1492 3980 supersti-

279 3998 323 4049 lib.
335 3999 390 4082 fi-„i
400 4005 439 4054 12
450 4002 468 4034 “
489 3995 646 4062 ticsorum
664 3995 803 4082 AEgypti
824 3995 903 4061 telis
925 3995 998 4076 fuit,
1022 3993 1110 4082 quod
1125 3996 1276 4061 omnibus
1298 3997 1415 4062 mundi
1437 4019 1492 4062 ne·

281 4065 345 4186 24¹3}
357 4083 385 4120 ¹¹⁹
451 4105 470 4136 “
491 4097 592 4185 gotiis
612 4097 763 4184 curisque
784 4097 980 4184 postpositis,
1004 4118 1132 4184 semper
1153 4098 1190 4162 in
1211 4098 1334 4185 templo
1359 4098 1490 4176 fuerint,

449 4206 468 4238 “
490 4205 525 4266 et
560 4221 670 4264 rerum
707 4203 842 4264 neturus
874 4219 1058 4284 censesque,
1096 4219 1133 4264 sc
1169 4199 1312 4264 rationes
1349 4201 1490 4266 siderum

448 4309 467 4339 “
489 4300 700 4388 contemplati
730 4299 827 4366 sint'’
870 4299 1040 4381 Quomodo
1061 4299 1165 4386 igitur
1193 4322 1261 4365 non
1294 4308 1372 4367 sunt
1402 4325 1492 4368 soen-

448 4405 560 4469 dnlum
581 4402 723 4470 ecclesiae
745 4401 869 4468 Christi
902 4401 1082 4468 secerdotes
1105 4401 1292 4478 Christiani,
1317 4425 1397 4488 quos
1426 4427 1492 4470 non

448 4507 552 4593 pudet
572 4505 676 4571 fecere
698 4504 785 4591 quod
815 4504 994 4570 secerdotes
1023 4503 1163 4591 gentiles
1187 4503 1380 4589 judiesmmt
1402 4508 1492 4572 nefus

449 4611 671 4695 attemptaret
726 4605 764 4670 Si
801 4606 904 4692 igitur
941 4606 1122 4671 membrum
1159 4605 1245 4691 quod
1283 4607 1491 4686 scandalizet,

448 4709 687 4796 amputandum
723 4714 784 4788 est,
821 4705 904 4794 quid
941 4707 975 4772 hi
1012 4707 1176 4794 districto·
1192 4707 1319 4794 judicio
1353 4709 1416 4776 nisi
1449 4710 1491 4775 ab
