3500 5784
420 847 462 917 46
747 866 895 917 nonnum
917 862 1147 915 uaesaniam
1186 851 1189 855 “

417 1038 499 1103 vina
526 1040 641 1125 gratia,
665 1058 733 1105 non
766 1058 820 1103 me
852 1038 1035 1116 oontristat
1059 1037 1117 1104 sed
1147 1036 1252 1102 multo
1285 1034 1389 1122 magis
1410 1034 1469 1101 lur-

418 1141 525 1206 tifieat
570 1146 629 1206 aut
671 1142 713 1206 ab
751 1140 880 1207 altioris
924 1140 1099 1228 dignitatis
1144 1139 1250 1226 gradu
1294 1138 1467 1214 descensio,

418 1247 478 1308 aut
503 1247 707 1309 terrenarum
741 1265 840 1331 opum
875 1243 1059 1309 minoratio.
1103 1241 1194 1307 Novi
1224 1240 1313 1306 enim
1343 1240 1469 1305 altioris

417 1345 538 1431 gradus
567 1367 636 1411 non
668 1366 773 1432 pauea
806 1344 860 1411 vel
882 1367 986 1432 parva
1007 1343 1153 1433 pericula
1165 1367 1175 1424 3
1201 1364 1300 1429 quam
1325 1341 1469 1406 lubricus

418 1447 462 1512 ait
484 1448 520 1511 in
542 1448 613 1534 ipso
637 1451 727 1513 statu
751 1448 870 1535 lapsus,
894 1470 996 1533 quam
1018 1447 1114 1534 pauci
1138 1446 1278 1532 gradum
1304 1444 1469 1510 celsiorem

418 1548 583 1629 affectent,
629 1548 767 1616 caritate
813 1548 1013 1628 consulendi,
1060 1570 1159 1634 quam
1201 1546 1299 1616 multi
1343 1545 1468 1631 eupidi-

418 1649 509 1715 tate¹
546 1650 749 1729 dominandi,
783 1672 884 1736 quam
918 1649 1061 1716 difficilis
1104 1648 1266 1735 superbia
1302 1647 1469 1734 repressio,

418 1774 517 1839 quam
539 1774 615 1818 rara
636 1752 776 1840 propria
797 1752 1008 1817 infirmitatis
1028 1751 1255 1831 consideratio,
1279 1771 1377 1836 quam
1397 1750 1469 1814 vio·

418 1854 524 1919 lenter
553 1876 587 1919 se
618 1854 742 1941 ingerit
776 1854 916 1919 aliorum
947 1858 1164 1939 contemptus,
1188 1874 1287 1938 quam
1321 1850 1380 1916 vix
1411 1851 1468 1915 ad-

417 1956 565 2021 mittitur
602 1955 839 2022 infirmioribus
877 1954 1118 2033 oondesoensus,
1165 1974 1265 2040 quam
1309 1951 1392 2017 falsa
1434 1957 1469 2017 et

417 2058 523 2123 solum
545 2057 742 2145 imaginaria
764 2062 815 2123 est
840 2058 910 2124 haee
941 2056 1133 2137 dominatio,
1157 2060 1192 2121 et
1213 2076 1311 2142 quam
1334 2074 1413 2119 vera
1434 2058 1470 2119 et

417 2158 521 2225 solida
550 2160 720 2225 seruitutis
751 2158 919 2246 subjectio.
973 2159 1063 2224 Novi
1095 2178 1223 2246 quoque
1257 2156 1467 2242 experientia,

416 2262 504 2327 unde
527 2261 634 2327 adhue
656 2260 749 2327 doleo
772 2262 885 2339 latera,
902 2266 1037 2347 quautae
1059 2260 1196 2326 suntin
1219 2258 1348 2324 divitiis
1369 2278 1470 2345 pune-

416 2364 546 2429 tionum
569 2364 681 2450 spinae,
713 2368 848 2450 quantae
881 2362 1037 2450 peccandi
1067 2362 1257 2439 occasiones,
1281 2380 1380 2445 quam
1409 2360 1469 2425 vix

416 2470 475 2531 aut
508 2486 716 2553 nequaquam
748 2464 806 2530 ubi
838 2466 953 2529 multae
988 2466 1075 2541 sunt,
1111 2464 1196 2529 bene
1228 2462 1468 2549 dispensantur,

415 2588 514 2655 quam
535 2588 612 2633 vere
635 2586 700 2654 quo
722 2566 828 2653 magis
851 2566 1026 2631 abundant
1048 2584 1263 2653 possessorem
1285 2584 1381 2638 snum
1401 2584 1469 2629 nou

415 2670 569 2736 ditiorem
602 2668 736 2750 faciunt,
764 2666 822 2734 sed
856 2670 1064 2755 egentiorem,
1089 2688 1189 2753 quam
1219 2688 1304 2733 oaeoa
1329 2670 1365 2731 et
1393 2686 1469 2731 eon·

416 2772 525 2858 sopita
557 2775 669 2837 mente
692 2792 725 2837 se
750 2769 896 2837 somniat
917 2768 992 2857 quis
1022 2790 1135 2835 earum
1167 2788 1278 2833 rerum
1310 2788 1470 2855 possesso

417 2894 493 2952 rem,
540 2894 680 2959 quamm
732 2892 800 2937 non
845 2870 985 2937 habeat²
1029 2874 1237 2957 potestatem.
1299 2869 1470 2950 Quomodo

416 2994 560 3059 namque
596 2972 769 3059 potestatis
807 2994 890 3039 meae
926 2976 1115 3059 suntquis
1148 2992 1224 3037 oum
1254 2971 1388 3037 voluero
1418 2992 1469 3037 re·

415 3076 529 3155 tinere,
553 3094 606 3140 me
632 3076 740 3140 invito
775 3073 946 3161 fugiuntt·
964 3096 1039 3141 oum
1060 3074 1197 3140 voluero
1218 3072 1467 3161 apprehendere,

415 3179 639 3242 evanescunt?
668 3196 743 3241 oum
758 3181 973 3264 augmentare
982 3173 1005 3255 ³,
1030 3176 1285 3242 diminutionem
1307 3174 1471 3262 eupiunt?

414 3298 489 3343 uum
519 3281 614 3356 stare,
646 3276 781 3343 fluunt?
811 3299 886 3343 eum
919 3277 973 3343 hia
999 3276 1135 3343 deinde⁴
1157 3276 1293 3343 voluero
1322 3276 1471 3342 suaviter

414 3378 488 3459 frui,
520 3400 633 3465 aspere
664 3382 844 3465 pungunt?
890 3378 991 3446 Unde
1022 3375 1269 3466 significanter⁶
1294 3376 1470 3443 Psalmisto

415 3480 483 3545 ait:
508 3477 738 3547 Domnieroot
759 3500 923 3547 aaronem
946 3500 1055 3546 auam
1084 3486 1116 3546 et
1139 3476 1470 3547 attentemur
1595 3500 1605 3515 ·

416 3602 530 3649 manoe
559 3580 633 3649 virt
663 3580 876 3649 divitiarum
897 3582 942 3649 iu
971 3580 1137 3649 peanitas
1169 3580 1254 3660 suia,
1288 3580 1410 3662 idest,
1433 3582 1469 3646 in

414 3688 576 3772 potestate
599 3706 666 3750 sua.
712 3682 829 3751 Unum
845 3689 959 3751 autem
980 3684 1136 3771 est'quod
1150 3684 1287 3771 quidam
1306 3684 1471 3749 arbitran-

413 3791 471 3851 tur
490 3786 652 3874 sagaciter
671 3806 705 3851 se
726 3785 808 3851 mihi
829 3786 963 3865 obicere,
980 3785 1144 3866 videlieet,
1165 3786 1254 3872 quod
1272 3786 1469 3874 pastoralem

414 3908 525 3953 curam
558 3892 599 3953 ut
632 3888 737 3965 aiunt,
761 3886 871 3954 minus
902 3887 1042 3977 provide
1075 3888 1204 3954 deserui
1216 3912 1226 3970 3
1260 3887 1304 3953 ad
1326 3908 1408 3973 quos
1429 3892 1469 3953 ut

413 3988 496 4055 mihi
518 3988 660 4068 videtur,
684 3994 838 4077 prompta
860 3994 919 4070 eat,
944 4012 1045 4077 quam
1077 3990 1178 4056 etiam
1201 3993 1242 4054 tu
1270 3988 1469 4077 jampridem

413 4092 511 4173 nosti,
535 4088 698 4158 sufficiens
720 4091 896 4179 responsio.
944 4092 1034 4159 Hine
1056 4092 1146 4159 enim
1169 4091 1310 4179 urgebat
1331 4112 1385 4158 me
1405 4092 1469 4158 im·

412 4194 562 4282 potentia
598 4192 719 4283 agendi
756 4214 868 4261 curam
906 4199 1006 4282 prout
1039 4192 1195 4282 oportuit,
1226 4212 1326 4283 quam
1357 4195 1469 4261 minua

448 4551 455 4580 ¹
474 4551 528 4603 Sid.
540 4551 632 4603 inserts
643 4556 659 4581 ⁴⁸
666 4551 778 4602 mundi.”
1001 4554 1010 4582 ⁴
1026 4551 1123 4618 duodo]
1143 4567 1192 4604 om.
1204 4552 1256 4605 Sid.

444 4630 454 4659 ²
472 4629 572 4697 habeut]
589 4630 673 4693 habet,
685 4628 774 4683 (200.

446 4709 636 4776 'aapmentard
657 4704 915 4774 augmentatione.

1000 4651 1208 4737 *tapam
1224 4668 1362 4735 ogmar,
1378 4664 1468 4723 oue
1563 4698 1568 4711 .
