3500 5784
472 865 539 928 200
797 875 944 928 nonanus
966 875 1194 928 cnosmusru

471 1068 545 1112 sum
577 1068 644 1112 non
681 1068 818 1133 sperare,
855 1047 939 1135 quin
969 1067 1011 1113 ex
1043 1053 1136 1135 parte
1172 1053 1282 1114 vestra
1314 1051 1382 1114 etet
1404 1046 1517 1112 filialis

470 1149 600 1215 effectio
622 1149 666 1215 ad
686 1171 739 1216 me
761 1151 886 1217 sincero
907 1156 942 1216 et
963 1148 1175 1237 incorrupts;
1197 1151 1275 1237 quia
1296 1151 1396 1216 etiam
1419 1151 1518 1216 arbor

470 1253 556 1317 bona
588 1251 773 1318 effectionis
803 1275 896 1340 pune
930 1257 964 1318 et
996 1252 1181 1319 voluntatis
1203 1251 1297 1318 bonas
1317 1274 1385 1318 non
1407 1255 1519 1339 potest

470 1352 595 1419 finctus
627 1354 730 1419 bonos
760 1353 1083 1442 correspondentium
1116 1353 1180 1419 sibi
1213 1353 1372 1420 bonamm
1405 1375 1517 1441 opera-

470 1455 599 1522 tionum
627 1477 695 1522 non
716 1455 842 1537 fucer03
874 1477 942 1522 non
971 1477 1103 1544 possum
1124 1477 1192 1522 non
1215 1455 1412 1536 existimare,
1436 1456 1516 1543 quin

471 1559 596 1624 sincera
626 1563 661 1624 et
689 1558 879 1644 incomrpta
916 1557 1090 1644 integritas
1119 1562 1239 1624 vestrae
1275 1557 1386 1624 filialis
1423 1558 1519 1624 affec·

471 1661 572 1727 tionis
604 1660 789 1726 voluntarie
820 1659 966 1748 proferet
992 1681 1069 1747 ergo
1099 1680 1151 1724 me
1180 1658 1307 1724 fructus
1330 1659 1442 1746 quales
1464 1661 1518 1726 de-

473 1769 548 1829 cent
561 1763 646 1828 filios
660 1763 864 1828 intemerate
877 1761 1082 1841 obeditionis,
1101 1766 1141 1827 ut
1161 1761 1322 1838 videlicet,
1339 1762 1518 1828 seeundum

304 1875 402 1930 ιεωιιιι.
413 1873 450 1928 ιιι.
472 1865 653 1931 doctrinam
675 1865 844 1952 scripturas
867 1863 910 1930 iu
939 1863 1114 1950 defectura
1141 1885 1259 1930 secuse
1286 1861 1356 1930 mei
1380 1863 1519 1930 neumas

307 1948 347 1994 ¹⁵⁹
473 1966 584 2046 donet,
615 1967 747 2032 infirma
774 1988 847 2033 mea
868 1971 1046 2054 supportet,
1071 1967 1215 2032 verenda
1236 1989 1309 2032 mea
1331 1967 1428 2048 velet,
1451 1989 1517 2033 non

472 2070 572 2159 pullio
602 2069 795 2136 aduulstoriae
826 2069 1045 2136 excusationis
1077 2091 1134 2134 scu
1155 2069 1245 2135 falsae
1272 2069 1518 2154 justificationis

303 2168 449 2222 hist-²⁰·
472 2195 547 2260 quae
568 2171 655 2239 dicit
676 2172 817 2252 mum,
834 2171 984 2252 bouum
1009 2177 1040 2238 ct
1054 2170 1190 2253 bouum,
1206 2171 1365 2252 motuum
1385 2194 1517 2259 peneus

472 2276 582 2342 lucem
603 2273 760 2355 umbras
775 2281 806 2340 et
830 2273 981 2340 umbras
1006 2273 1140 2340 lucem.-
1163 2273 1242 2359 quia
1257 2272 1445 2360 hujusmodi
1467 2297 1517 2340 oo-

472 2377 598 2465 opertio
628 2375 732 2464 impia
753 2382 804 2442 est
825 2375 1094 2463 pudibundorum
1125 2376 1276 2456 detedio,
1300 2375 1421 2442 faciens
1447 2375 1517 2464 ipsa

471 2480 508 2545 in
535 2485 698 2546 tumorem
741 2479 928 2556 exuberare,
964 2478 1066 2543 donec
1102 2477 1232 2564 turpius
1270 2481 1445 2564 erumpant
1481 2479 1517 2543 in

470 2587 643 2669 apertum
701 2581 759 2647 sed
811 2579 910 2668 pallio
950 2579 1134 2645 menifestae
1175 2579 1439 2646 denunciationis
1484 2584 1517 2646 et

471 2685 667 2773 evangelion
700 2682 921 2770 correptionis
943 2703 1017 2769 quae
1051 2683 1136 2748 mula
1167 2704 1235 2748 non
1258 2683 1371 2747 stetim
1393 2684 1516 2749 mundo

470 2787 641 2877 propulet3
676 2787 734 2853 sed
756 2786 848 2873 prius
870 2783 961 2864 mihi,
983 2805 1052 2850 non
1074 2807 1187 2850 eorum
1220 2783 1371 2871 quaedem
1401 2784 1515 2866 solum,

471 2891 528 2956 sed
550 2894 711 2976 quotquot
732 2888 871 2965 noverit,
893 2886 1035 2954 dilucide
1059 2887 1232 2968 describat,
1248 2908 1316 2952 non
1338 2887 1399 2953 sub
1421 2909 1517 2975 gene-

470 2994 602 3058 ralitate
648 2990 789 3077 quadam
838 2989 997 3056 divisibili
1049 2990 1085 3056 in
1128 2989 1236 3077 plures
1279 2989 1409 3076 species,
1441 3013 1515 3056 cum

470 3095 611 3180 angulus
647 3093 873 3180 generalitatis
914 3091 1054 3158 interius
1091 3091 1296 3158 tenebrescat
1332 3097 1369 3158 et
1406 3093 1515 3158 sordes

471 3195 770 3282 colligat—quales
791 3195 928 3281 angulos
950 3216 1017 3260 non
1039 3195 1160 3281 quaerit
1174 3194 1306 3274 veritas,
1322 3195 1381 3259 sed
1403 3193 1439 3260 bi
1454 3195 1516 3282 qui

337 3303 344 3316 “
470 3298 558 3364 saule
599 3303 709 3383 aguet
733 3303 764 3361 et
797 3296 904 3362 leem
933 3295 1058 3362 odiunt
1088 3303 1129 3363 ut
1167 3302 1365 3382 arguuntur
1398 3317 1516 3362 comm

472 3397 675 3486 opero-sed
697 3420 756 3485 per
786 3399 907 3486 species
942 3397 1197 3486 specialissimas,
1225 3421 1299 3484 quse
1321 3397 1516 3464 subdivisio-

470 3525 548 3568 nem
569 3501 605 3566 in
634 3499 804 3566 ulteriores
825 3501 948 3587 species
970 3522 1038 3566 non
1060 3501 1217 3587 cupiunt3
1250 3499 1302 3565 his
1323 3499 1420 3566 mulis
1442 3523 1515 3586 quae

468 3627 527 3692 per
548 3625 583 3669 se
605 3603 693 3668 male
714 3626 782 3669 non
804 3609 891 3682 sunt,
914 3602 1071 3668 habentia
1092 3603 1128 3667 in
1151 3603 1263 3690 seipsis
1285 3624 1354 3669 suae
1379 3603 1513 3670 malitiae

469 3706 681 3787 evidentiam,
713 3707 900 3788 adnectens,
924 3707 994 3772 sine
1028 3705 1167 3792 alicujus
1198 3705 1423 3785 occultatione,
1455 3707 1512 3772 cir-

469 3806 686 3875 cumstantias
708 3812 743 3873 et
764 3829 878 3874 causas
901 3808 1020 3894 quibus
1042 3808 1085 3872 ad
1106 3829 1210 3894 genus
1232 3807 1312 3873 mali
1327 3809 1510 3875 trahuntur.

468 3911 557 3976 Telis
579 3911 667 3975 enim
690 3909 850 3975 melorum
881 3909 1102 3975 manifestatio
1125 3910 1213 3996 apud
1235 3930 1289 3974 eos
1311 3909 1369 3994 qui
1391 3909 1510 3976 bonum

469 4019 504 4079 et
523 4034 640 4078 verum
662 4011 816 4098 diligunt,
832 4015 884 4077 est
905 4033 984 4077 vera
1007 4017 1041 4076 et
1064 4011 1119 4098 pie
1133 4012 1350 4077 verendorum
1373 4011 1510 4077 occulta-

469 4115 516 4181 tio
528 4140 537 4196 ;
569 4114 648 4201 quie
678 4113 890 4179 dilectoribus
911 4113 982 4178 veri
1004 4118 1039 4178 et
1061 4111 1140 4178 boni
1162 4113 1248 4178 mela
1270 4135 1330 4177 sua
1352 4115 1510 4179 veraciter

468 4215 726 4304 agnoscentibus,
749 4215 927 4301 statimque
958 4237 997 4280 ea
1028 4213 1258 4292 deserentibus,
1282 4220 1318 4280 et
1339 4235 1509 4303 compunc-

467 4319 559 4384 tione
581 4317 792 4404 tergentibus,
824 4317 905 4382 mali
936 4317 1108 4403 turpitudo
1130 4316 1318 4383 delectionis
1349 4316 1509 4382 velamine

468 4420 654 4486 beatissime
669 4421 861 4506 contegitur.
901 4418 988 4500 Quia
1001 4419 1106 4505 igitur
1119 4417 1307 4504 hujusmodi
1323 4417 1508 4486 velamento

468 4523 627 4587 malorum
648 4545 792 4588 meorum
806 4521 947 4587 maxime
969 4521 1109 4607 indigeo,
1132 4521 1405 4607 vehementerque
1427 4521 1507 4586 illud

468 4624 623 4703 desidero,
654 4632 694 4691 ut
725 4625 950 4692 connumerusi
983 4645 1109 4690 merear
1141 4623 1228 4690 inter
1257 4623 1332 4689 illos
1364 4643 1509 4710 quorum
