3500 5784
445 862 489 935 70
771 882 918 931 nossem
941 882 1167 931 ouossmusns

444 1062 579 1122 tuarum
600 1062 787 1123 sanctulum
808 1060 995 1126 orationum
1017 1058 1175 1146 suffragiu
1196 1060 1259 1145 pia,
1278 1062 1318 1122 ut
1340 1058 1421 1121 mihi
1443 1059 1489 1121 sit

444 1182 644 1247 persuasum,
667 1162 753 1247 quod
785 1167 854 1227 tum
885 1168 996 1228 sancte
1027 1168 1062 1227 et
1092 1160 1265 1227 effieaoiter
1294 1160 1490 1246 persuades3

446 1268 485 1328 ut
516 1264 624 1350 ipsum
655 1266 756 1330 etiam
782 1267 871 1351 quod
903 1286 1095 1352 persuasum
1117 1262 1225 1345 fuerit,
1248 1264 1292 1329 eb
1314 1264 1432 1329 effectu
1454 1262 1490 1328 in

447 1388 550 1453 opere,
573 1367 665 1433 nullo
686 1367 887 1455 impediatur
908 1369 1039 1454 antiqui
1069 1367 1172 1433 hostis
1194 1366 1249 1432 vel
1270 1364 1490 1431 membrorum

448 1468 550 1556 ipsius
571 1469 680 1535 fallaci
702 1470 879 1551 molimine,
914 1492 955 1537 ne
978 1490 1122 1557 unquam
1146 1468 1319 1557 compellar
1341 1467 1491 1533 hostibus

447 1570 599 1635 veritatis
620 1576 656 1637 et
677 1572 837 1638 ministris
859 1572 1045 1658 iniquitatis
1060 1572 1195 1638 dextras
1207 1572 1291 1637 dare.
1336 1568 1488 1637 Juvent¹

447 1673 548 1739 etium
581 1674 782 1761 eademque⁹
814 1680 874 1740 tua
896 1682 1147 1762 sanctorumque
1170 1677 1317 1742 omnium
1340 1676 1375 1739 in
1398 1674 1492 1739 ten-is

447 1782 482 1842 et
517 1778 551 1840 in
584 1778 663 1843 «mlo
694 1779 751 1864 pia
781 1777 1066 1864 efficacissimoque
1100 1779 1264 1865 suffragia,
1288 1783 1328 1843 ut
1362 1776 1419 1842 illo
1452 1776 1493 1841 de

448 1880 568 1964 quibus
611 1881 648 1944 in
693 1882 789 1946 corde
834 1881 981 1968 epistolae
1026 1882 1168 1968 tetigisti
1213 1878 1492 1945 conviciantium³

449 1982 605 2059 tonitrua,
629 1983 859 2049 insidiantium
882 2006 1058 2065 muu'mura,
1075 1984 1320 2050 detrahentium
1336 1982 1491 2061 convicia,

448 2084 542 2149 velut
575 2084 700 2150 inimici
733 2087 841 2173 ignita
868 2086 986 2172 jacula,
1022 2092 1113 2152 scuto
1147 2087 1224 2151 fidei
1258 2092 1292 2151 et
1323 2086 1491 2172 patientius
1522 2152 1524 2163 Ι

314 2205 321 2220 ·
448 2188 618 2254 humiliter
639 2190 902 2276 confidenterque
925 2196 1070 2277 excepta,
1094 2192 1129 2253 iu
1168 2195 1357 2293 torquentes
1379 2189 1493 2253 eadem

447 2294 665 2373 reflectantur,
699 2297 939 2382 volueruntque
970 2296 1099 2363 eosdem
1138 2318 1204 2361 non
1238 2296 1281 2361 ad
1319 2294 1493 2383 perniciem

448 2398 505 2462 sed
540 2398 583 2462 od
614 2398 826 2480 salutemus
859 2400 963 2464 infixo
994 2398 1129 2465 vulnere
1162 2405 1284 2487 aperto,
1318 2398 1494 2483 sedatoque

448 2498 630 2566 inflationis
675 2509 810 2582 tumore,
856 2503 1002 2569 mveuto
1047 2503 1167 2568 mentis
1212 2502 1313 2579 oculo,
1358 2501 1494 2566 videant

447 2602 632 2682 ventatem,
655 2604 856 2691 redeantque
890 2605 934 2670 ed
965 2604 1113 2670 cantatis
1146 2604 1316 2669 unitatem.
1372 2600 1495 2670 Praeter

447 2708 518 2775 haeo
541 2710 577 2774 in
598 2708 737 2797 epistole
759 2715 820 2775 tua
840 2710 936 2797 quasi
968 2715 1001 2776 te
1030 2709 1145 2775 timere
1167 2708 1324 2789 insinuas
1347 2732 1388 2775 ne
1411 2710 1494 2775 forto

448 2812 613 2879 oeeasione
646 2812 765 2900 aliqua,
789 2818 857 2879 tuae
892 2810 1039 2900 epistolio
1070 2810 1153 2878 mihi
1185 2812 1252 2878 sint
1274 2813 1419 2879 molesta·
1441 2812 1495 2877 vel

448 2937 613 2996 onerosae3
636 2937 732 3001 quem
756 2916 908 2981 timorem
930 2912 1116 3003 longissime
1138 2936 1158 2980 a
1181 2920 1215 2981 te
1245 2916 1339 3004 cupio
1362 2916 1513 2997 distare„

448 3040 522 3082 cum
553 3015 637 3082 nihil
669 3018 706 3083 in
736 3017 889 3083 humanis
923 3016 1019 3084 nebus
1051 3022 1125 3106 post
1156 3020 1252 3085 tuum
1290 3016 1495 3107 praesentiale

447 3120 688 3185 sanctissimum
725 3120 932 3207 colloquium,
979 3140 1076 3208 quem
1121 3142 1178 3209 per
1223 3120 1375 3211 epistolas
1419 3126 1495 3187 tuus

447 3220 632 3303 consolatio,
678 3222 723 3289 sit
767 3223 849 3288 mihi
894 3230 963 3289 tam
1004 3222 1191 3309 jocundum.
1253 3226 1346 3313 Rogo
1384 3230 1494 3291 autem

448 3324 668 3391 dulcissimam
682 3323 889 3393 dilectionem
913 3333 1015 3406 tuem,
1031 3331 1080 3409 ut,
1099 3350 1167 3393 non
1189 3330 1350 3395 estractus
1364 3327 1494 3394 horrore

447 3428 576 3509 laboris,
602 3452 701 3515 quam
735 3430 800 3496 cito
831 3429 960 3495 locutus
992 3430 1091 3496 fueris
1125 3452 1198 3497 eum
1231 3430 1333 3497 fratre
1365 3432 1494 3498 Joanne

447 3532 488 3596 de
526 3532 649 3598 Sancto
694 3530 822 3621 Egidio,
868 3533 981 3599 venire
1027 3532 1169 3621 dignene
1214 3534 1257 3601 ad
1301 3530 1376 3601 me'
1405 3532 1494 3623 apud

448 3631 659 3722 Liddington,
682 3638 723 3701 ut
753 3640 813 3703 tuo
835 3636 956 3723 possim
979 3634 1031 3701 uti
1053 3636 1195 3717 consiliu,
1220 3638 1255 3703 in
1281 3634 1496 3725 petitionibus

447 3742 481 3802 et
504 3736 803 3804 consultationibus
835 3739 879 3806 ad
911 3738 1036 3805 omium
1067 3740 1336 3808 transmittendis.
1382 3740 1494 3805 Emer-

447 3844 560 3905 serunt
583 3839 671 3905 enim
694 3842 845 3927 quasdam
867 3864 955 3907 nova
976 3848 1095 3929 praeter
1124 3850 1279 3932 consepta
1300 3844 1398 3932 priua,
1421 3864 1494 3929 quse

447 3942 548 4008 etiam
582 3964 670 4008 nuno
702 3942 843 4010 scribere
875 3944 1011 4033 longum
1046 3950 1131 4011 esset
1139 3945 1161 4027 ⁴,
1193 3950 1227 4013 et
1257 3946 1494 4015 communiente

447 4067 522 4111 eum
555 4045 703 4133 pluribus
734 4069 802 4113 non
833 4044 915 4112 mihi
947 4048 1027 4114 sutis
1053 4071 1210 4115 securum.
1257 4050 1344 4116 Sunt
1366 4074 1494 4140 quoque

447 4154 482 4217 et
513 4147 579 4215 ulia
610 4147 753 4237 plurima
783 4150 962 4237 eademque
999 4151 1159 4239 urgentia,
1198 4152 1234 4217 in
1271 4154 1391 4240 quibus
1427 4178 1494 4223 non

447 4249 652 4319 mediocriter
688 4258 747 4320 tuo
792 4252 947 4321 festinato
992 4250 1124 4342 indigeo
1169 4252 1310 4323 oonsilio.
1368 4256 1496 4327 Oaeteuu

481 4599 612 4673 ¹Jumt]
630 4602 891 4670 luantc.0.0.,Ox.
1029 4608 1251 4678 'conviciantium
1283 4610 1493 4677 comminantium,

479 4766 490 4796 ²
505 4765 646 4835 eademque]
664 4768 758 4833 eudem,
768 4766 866 4832 cuc,
877 4767 928 4821 Ox.
984 4688 1195 4836 ‚Cf-mm
1205 4768 1294 4825 QUO.
