3500 5784
237 1880 316 1931 Exod.

235 1947 309 1997 xviii.
322 1952 360 2000 19.

234 2178 317 2229 Exod.

235 2246 318 2297 xxxii,
331 2250 371 2297 27.

405 860 448 925 92
726 876 874 926 nonaum
897 876 1126 927 caomrrasra

402 1047 589 1114 mloeneum
634 1046 752 1113 levare.
827 1048 925 1128 Quod
970 1054 1079 1113 autem
1124 1054 1262 1136 uterque
1307 1048 1445 1137 gladius,

403 1156 542 1237 utraque
571 1172 646 1238 pax,
669 1156 811 1237 utraque
842 1151 899 1217 lex
929 1151 975 1217 sit
1007 1150 1232 1239 principaliter
1260 1152 1446 1239 principum

402 1254 551 1333 acclesiae,
586 1253 693 1339 liquet
725 1275 793 1319 non
827 1254 933 1319 solum
967 1276 1009 1319 ex
1046 1276 1211 1321 sacrorum
1248 1255 1445 1341 scriptorum

402 1356 671 1453 expositionibus,
698 1357 757 1421 sed
789 1378 833 1423 ex
863 1359 1075 1442 antiquorum
1112 1358 1297 1445 principum
1334 1358 1446 1445 populi

403 1458 468 1523 Dei
489 1482 511 1523 a
532 1460 605 1525 Deo
625 1459 793 1547 dispositis
821 1459 1014 1525 actionibus
1061 1458 1193 1546 Moyses
1215 1460 1304 1527 enim
1326 1460 1446 1525 consti-

402 1568 497 1628 tutus
525 1584 546 1627 a
579 1562 651 1629 Deo
683 1563 834 1650 princeps
870 1562 984 1649 populi
1018 1562 1199 1643 Israelitici‚
1231 1563 1268 1627 in
1294 1562 1447 1627 omnibus
1483 1580 1486 1585 ·

402 1666 524 1731 habens
557 1670 678 1753 typum
714 1666 925 1752 praelatorum
959 1665 1109 1743 ecclesiae,
1148 1670 1289 1752 utroque
1326 1666 1446 1752 gladio,

400 1774 542 1853 utraque
563 1769 643 1855 lege,
658 1768 695 1833 in
717 1774 857 1855 utraque
877 1790 956 1855 pace
978 1768 1135 1855 populum
1154 1768 1218 1833 sibi
1240 1769 1446 1833 commissum

401 1893 459 1958 per
491 1871 635 1958 seipsum
668 1872 822 1959 regebat3
844 1876 916 1937 erat
949 1872 1045 1949 enim,
1079 1875 1120 1936 ut
1151 1870 1235 1936 dicit
1267 1870 1447 1957 Scriptura,

397 1974 527 2061 popolo
545 1973 590 2040 ia
610 1973 666 2040 bia
687 1996 763 2059 quw
784 1974 832 2041 ad
853 1974 974 2054 Deum,
997 1994 1146 2039 coercens
1168 1974 1446 2060 transgredientes

401 2077 558 2141 mandata
579 2077 669 2164 legis,
692 2077 729 2140 in
760 2098 899 2163 quorum
931 2076 1160 2142 observatione
1191 2076 1374 2142 constituta
1396 2082 1447 2141 est

400 2179 624 2265 tranquillitas
658 2178 746 2265 pacis
782 2178 962 2265 spiritalis3
999 2184 1034 2244 et
1070 2178 1285 2243 nihilominus
1312 2200 1446 2265 poncias

398 2282 560 2369 gladium
581 2304 684 2368 super
700 2280 820 2367 femur
838 2304 950 2361 suum,
967 2280 1042 2348 icus
1068 2288 1098 2347 et
1123 2280 1260 2347 rediens
1282 2281 1323 2347 dc
1344 2288 1447 2369 porto

400 2384 449 2451 ad
461 2392 606 2471 pamma,
622 2384 711 2449 ultor
726 2384 888 2449 malorum
903 2384 1061 2470 puniebat
1083 2373 1312 2470 perturbantes
1335 2406 1445 2469 pacem

400 2488 480 2554 vitae
502 2488 649 2567 socialia;
671 2492 828 2573 utrosque
849 2492 962 2551 autem
977 2486 1221 2572 perturbatores
1243 2486 1448 2572 dijudicabat

400 2596 435 2656 ct
469 2590 627 2678 puniebat
660 2588 788 2677 legibus
821 2590 885 2654 sibi
918 2588 1075 2675 congruis
1121 2586 1284 2655 Similiter
1317 2610 1446 2675 quoque

400 2695 471 2780 ejus
508 2714 672 2759 successor
708 2692 820 2769 «iosus,
858 2696 893 2757 et
932 2691 1062 2776 judices
1100 2691 1157 2777 qui
1202 2692 1336 2757 fuerunt
1373 2698 1447 2778 post
1547 2694 1549 2701 '

400 2797 512 2876 Josuc,
546 2794 704 2882 populum
726 2794 864 2860 Domini
895 2793 1062 2881 regebant,
1084 2814 1143 2881 per
1173 2814 1208 2859 so
1239 2798 1389 2860 tenentes
1412 2800 1447 2860 et

401 2900 572 2965 moventes
594 2904 775 2983 utrumque
797 2897 953 2984 gladium,
978 2902 1110 2961 utentes
1143 2900 1282 2982 ut1aque
1304 2896 1385 2983 lege,
1410 2896 1446 2961 in

401 3001 574 3087 utriusque
596 3000 685 3088 pacis
706 3001 961 3065 firmamentum.
1007 2998 1074 3065 Sed
1096 3004 1269 3086 postquam
1284 2997 1448 3065 Dominus

400 3110 513 3169 noster
534 3104 633 3169 lesus
656 3102 809 3169 Christus
842 3100 1017 3189 appamit¹
1042 3102 1079 3165 in
1110 3100 1206 3167 terris
1228 3122 1326 3166 verus
1357 3100 1448 3167 Deus
1497 3120 1501 3133 ·

400 3212 435 3272 et
457 3205 574 3293 Agnus
596 3204 887 3284 mansuetissimus,
911 3206 1025 3269 voleus
1047 3204 1331 3271 mansuetudinem
1354 3209 1388 3270 et
1411 3204 1447 3269 in

401 3308 516 3375 divina
548 3330 736 3394 arrapensam
770 3308 990 3373 intentionem
1024 3306 1060 3371 in
1082 3306 1284 3394 principibus
1307 3307 1448 3374 ecclesiae

400 3411 600 3501 praemincre,
647 3432 689 3475 ne
741 3410 872 3475 claritas
924 3409 1148 3497 praeminentis
1188 3410 1448 3476 mansuetudinis

400 3521 435 3581 ct
472 3514 509 3578 in
546 3536 685 3601 superna
717 3510 900 3599 suspensae2
932 3512 1127 3577 intentionis
1158 3511 1363 3597 aliquatenus
1401 3514 1447 3579 of-

400 3618 581 3682 fuscaretur
624 3614 781 3681 exercitio
826 3614 1014 3681 severitatis
1051 3619 1110 3680 aut
1146 3613 1367 3701 implicatione
1411 3617 1447 3680 in
1507 3648 1513 3663 ·

401 3719 600 3786 secularibus
632 3718 782 3805 negotiis,
821 3723 914 3782 actus
950 3717 1052 3804 gladii
1090 3716 1266 3782 materialis
1303 3722 1338 3782 et
1374 3739 1448 3783 exe-

400 3822 491 3888 cutio
520 3821 602 3910 legis
631 3820 828 3907 temporalis,
855 3820 892 3885 iu
926 3818 1044 3906 quibus
1069 3818 1215 3906 fulgurat
1245 3819 1447 3906 plurimum³

401 3925 589 3991 severitatis
634 3924 712 3989 licet
753 3923 862 4009 justa,
909 3928 944 3988 et
989 3922 1108 4009 caligat
1151 3922 1273 3987 nebula
1309 3928 1447 3989 terrenae

402 4028 625 4115 occupationis
670 4028 822 4113 quamvis
872 4026 984 4106 licitae,
1028 4025 1207 4090 traduntur
1251 4026 1287 4090 in
1330 4047 1447 4091 manus

401 4131 587 4218 principum
618 4131 820 4208 secularium,
844 4133 976 4195 retenta
1006 4127 1183 4194 eorundem
1215 4133 1378 4215 potestate
1411 4130 1447 4193 in

400 4234 552 4299 manibus
574 4233 758 4319 principum
781 4231 1095 4311 ecclesiasticoum3
1118 4230 1207 4295 unde
1236 4235 1272 4295 et
1293 4230 1447 4297 Jeramiae

268 4433 274 4447 Ι
400 4337 527 4403 dictum
550 4340 601 4401 est
622 4334 753 4423 gerenti
774 4339 895 4421 typum
917 4334 1153 4421 praelatorum:
1176 4332 1258 4399 Ecca
1283 4333 1448 4401 emutat

1217 4509 1255 4515 ...-
1264 4508 1307 4515 ...s-
1319 4508 1403 4515 0---.
1432 4510 1440 4515 .

434 4612 440 4642 ¹
453 4610 583 4677 apparuit]
596 4626 644 4659 cm.
651 4608 741 4661 C.C.C.
751 4607 898 4669 3reuitSid.
984 4608 994 4636 ³
1010 4607 1104 4657 Brona
1126 4607 1215 4659 inserts
1233 4615 1309 4659 terror
1324 4607 1363 4659 vel
1384 4610 1449 4661 ulier

433 4691 544 4743 ‘'Qac.
558 4690 647 4740 inserts
657 4696 688 4750 et,
698 4688 817 4753 omitting
835 4687 857 4737 it
873 4694 900 4737 at
947 4685 1082 4751 plurimum-

400 4772 443 4822 tha
453 4769 593 4835 beginning
603 4769 634 4819 of
640 4768 683 4819 the
693 4768 752 4817 line
