3500 5784
706 875 885 927 nrrsroun
1257 857 1324 931 217

269 1054 374 1142 igitur
387 1053 585 1141 potestatem
607 1047 755 1116 lmoalem
772 1049 920 1136 judieem
942 1048 1026 1128 oleri,
1051 1053 1103 1116 est
1125 1048 1264 1116 caudam
1286 1048 1323 1116 in

268 1161 369 1244 eaput
391 1157 588 1233 oonverters,
604 1151 800 1219 naturaliter
813 1151 968 1218 interiora
989 1151 1138 1239 superius
1160 1151 1322 1230 eollooare,

269 1263 304 1326 et
347 1255 515 1345 superiora
550 1254 594 1320 ad
630 1254 735 1320 imum
772 1253 951 1332 detrahere,
982 1276 1020 1320 ae
1042 1275 1100 1341 per
1126 1273 1325 1340 consequens

269 1361 381 1428 omnia
411 1356 610 1446 perturbare
678 1355 725 1422 Et
761 1379 836 1422 eum
867 1376 1037 1443 perversor
1073 1355 1198 1422 ordinis
1231 1354 1324 1442 justo

264 1461 389 1552 judicio
422 1459 568 1548 patietur
588 1458 678 1546 quod
707 1457 810 1540 faoit;
838 1462 973 1525 tantum
995 1457 1220 1544 deprimentur
1242 1457 1325 1524 tales

264 1565 393 1652 judiees
425 1562 487 1628 sub
520 1561 588 1628 suis
620 1559 784 1649 gradibus,
807 1566 970 1646 quantum
1000 1558 1213 1647 deprimendo
1244 1559 1325 1625 ulios

269 1689 304 1735 se
340 1665 474 1753 erigunt
505 1685 605 1751 supra
637 1685 714 1729 suos
739 1663 871 1750 gradus.
915 1661 1069 1749 Ammius
1100 1667 1212 1728 autem
1238 1662 1325 1728 sieut

268 1767 431 1856 sapientia
463 1771 514 1832 est
546 1766 591 1832 ad
621 1765 805 1852 potentiam
831 1769 866 1830 et
888 1763 1025 1852 spiritus
1051 1762 1095 1830 ad
1116 1783 1256 1842 earnem,
1279 1763 1326 1829 sie

268 1871 373 1938 clerus
394 1868 511 1935 estad
533 1867 690 1956 populum
713 1871 749 1934 et
770 1867 987 1934 saeerdotium
1009 1865 1054 1932 ad
1075 1887 1221 1953 regnum
1259 1864 1326 1932 Sed

268 1971 432 2060 supientia
452 1971 490 2036 in
512 1970 666 2037 omnibus
687 1969 782 2056 regit,
805 1969 979 2058 gubernat,
1002 1972 1037 2036 et
1066 1968 1265 2048 moderetur,
1288 1989 1327 2034 ae

268 2097 327 2164 per
348 2073 410 2140 hoo
432 2072 592 2159 dijudicat
613 2072 819 2160 potentiam
840 2071 992 2159 potentia
1021 2075 1134 2138 sutem
1155 2091 1326 2156 nunquam

269 2178 306 2244 in
342 2175 454 2262 aliquo
498 2179 610 2262 potest
653 2173 833 2260 dijudiears
876 2172 1094 2261 sapientiam3
1117 2173 1221 2261 igitur
1265 2193 1327 2238 nee

270 2278 411 2367 populus
442 2276 589 2358 elerum·
606 2297 667 2344 neo
703 2297 841 2365 regnum
877 2274 1104 2342 sacerdotium
1165 2273 1327 2341 Similiter

270 2379 406 2468 spiritus
449 2379 608 2460 vivificet,
652 2383 774 2459 movet,
811 2382 847 2444 et
890 2377 979 2465 regit
1015 2398 1154 2456 earnem,
1193 2397 1326 2462 suaeque

271 2481 393 2550 subicit
424 2479 551 2547 ditioni.
597 2481 780 2568 Nunquam
802 2485 915 2546 autem
936 2502 955 2546 e
976 2484 1090 2546 eontra
1111 2501 1185 2546 oaro
1207 2484 1328 2566 praeest

272 2583 412 2671 spiritui,
444 2583 509 2648 nisi
530 2603 573 2648 ex
603 2587 697 2670 parts
730 2605 770 2650 ea
805 2603 873 2668 qua
905 2603 1078 2670 perversus
1105 2585 1157 2647 est
1190 2582 1326 2668 spiritus

270 2685 420 2753 hominis
466 2683 552 2752 (ium
572 2685 676 2772 igitur
696 2689 843 2773 potestas
863 2684 987 2751 lsioaiis
1009 2683 1131 2750 olerum
1153 2682 1323 2768 dijudicet,

272 2789 423 2877 potentia
443 2793 559 2854 eontra
579 2809 690 2854 rerum
712 2786 860 2854 ordinem
874 2786 1038 2873 dijudicat
1060 2785 1263 2873 sapientiam,
1287 2791 1323 2852 et

273 2912 347 2958 raro
380 2889 445 2956 sibi
482 2889 603 2956 subicit
633 2890 795 2979 spiritum
841 2889 963 2954 Nonne
994 2887 1098 2955 ulerus
1129 2892 1164 2956 et
1185 2888 1326 2976 populus

273 2991 490 3060 saeerdotium
533 2999 570 3058 et
613 3013 751 3080 regnum
795 2997 882 3071 sunt,
929 2992 1013 3058 deut
1058 2990 1124 3057 duo
1167 2990 1326 3071 homines,

273 3117 412 3182 quorum
441 3093 527 3160 alter
557 3097 608 3160 est
633 3094 790 3181 spiritalis
820 3098 857 3159 et
887 3091 1053 3180 reliquus¹
1090 3091 1228 3160 earnalis
1257 3092 1327 3158 sive

273 3195 448 3278 emmelim
468 3201 504 3262 et
536 3195 620 3262 alter
652 3198 734 3263 item
764 3196 928 3284 sapientia
957 3195 1148 3284 praevalens,
1182 3194 1328 3282 reliquus

273 3321 351 3367 vero
372 3299 544 3387 posonem
587 3297 655 3366 Sed
670 3299 712 3365 de
726 3299 868 3387 spiritali
882 3298 965 3365 dicit
980 3299 1119 3364 Paulus.
1144 3296 1371 3417 Spirttoisis¹⁶
1342 3301 1354 3346 ¹
1367 3297 1455 3353 θοι·
1437 3315 1464 3352 a

274 3409 392 3469 autem
421 3399 595 3488 dijudioot
616 3399 740 3468 oowiio
760 3407 791 3467 ot
820 3400 893 3488 ἅμα
915 3424 938 3468 a
966 3399 1107 3470 mutue
1132 3369 1381 3488 jrtdiootuffl'

275 3506 320 3572 Et
340 3505 418 3572 lieet
439 3525 540 3592 opera
560 3503 732 3570 Trinitatis
754 3503 800 3570 sit
821 3503 975 3586 indivisa,
997 3510 1081 3591 pute
1102 3509 1215 3571 tamen
1237 3502 1327 3591 quod

274 3629 332 3696 per
353 3607 519 3694 quandam
541 3605 840 3694 appropriationem
866 3605 963 3674 dedit
984 3606 1090 3674 Pater
1112 3628 1211 3676 orume
1227 3604 1412 3693 Μό-θ·ο
1377 3605 1412 3658 ³⁰
1412 3603 1484 3659 ¹²¹¹*-

274 3708 371 3776 oiwm
401 3706 506 3787 Filio,
532 3706 612 3774 lieet
642 3706 730 3796 quio
760 3707 882 3775 Fitios
909 3708 1063 3778 tormirvis
1097 3717 1151 3777 eat.
1197 3682 1382 3776 Nihile²²’
1391 3673 1434 3725 ²⁷

274 3813 384 3880 minus
405 3817 520 3878 tamen
541 3810 621 3896 quia
640 3810 804 3898 sapientia
834 3819 894 3894 est,
917 3833 1013 3878 omne
1043 3812 1148 3901 igitur
1165 3812 1329 3900 judicium

275 3914 445 4003 sapientiis
475 3913 646 3980 tribuitur.
692 3913 772 3979 Non
803 3914 893 3980 enim
922 3913 1051 4000 judieot
1081 3917 1240 4003 potentia,
1263 3915 1328 3982 nisi

274 4017 363 4084 unde
392 4021 445 4083 est
477 4013 648 4103 sapientia
679 4014 840 4082 ministra
887 4013 993 4084 Omne
1029 4017 1133 4106 igitur
1164 4018 1328 4106 judicium

275 4117 427 4207 proprie³
463 4139 523 4205 per
558 4118 790 4184 auctoritatem
836 4123 889 4184 est
937 4120 1111 4188 soeertlotii
1160 4127 1196 4189 et
1241 4121 1327 4189 oleri.

276 4221 429 4290 Retinuit
449 4226 563 4286 tumen
584 4220 649 4287 sibi
669 4220 895 4300 saoerdotium,
918 4226 959 4288 ut
988 4243 1048 4310 per
1076 4223 1164 4312 leges
1197 4223 1328 4292 divinas

273 4329 309 4391 st
329 4323 563 4392 eeclesiastieas
584 4323 716 4410 proprio
738 4323 921 4391 ministerio
943 4325 987 4390 sd
1009 4347 1121 4412 paoem
1150 4327 1328 4413 peouatoris

273 4427 310 4492 in
340 4425 446 4514 culpis
491 4430 526 4492 et
570 4426 668 4492 rebus
705 4425 932 4493 ecelesiasticis
962 4435 1128 4495 exereeret
1156 4427 1327 4513 judicium,

275 4528 478 4617 principibus
498 4549 579 4596 vero
601 4527 702 4596 seculi
724 4529 872 4608 tradidit,
895 4534 935 4596 ut
965 4552 1024 4617 per
1049 4530 1137 4619 leges
1159 4529 1272 4600 civiles
1294 4539 1330 4600 et

308 4865 644 4936 'ruiqoureliqugoz
800 4875 807 4939 Ι
853 4869 1166 4927 ¹00.0.0x.insertot
