3500 5784
663 847 841 903 EPIB'I'OLAE·
1208 840 1271 905 311

228 1028 358 1113 promat
378 1022 616 1111 refulgentiam,
640 1022 772 1094 domino
794 1022 871 1110 regi,
899 1023 927 1091 ei
956 1022 1072 1113 placet,
1095 1022 1272 1107 medendo,

227 1136 267 1194 ut
296 1127 374 1214 ipse,
405 1128 490 1195 mont
520 1127 643 1215 regiam
676 1126 769 1193 decet
801 1126 1014 1213 majestatem,
1045 1133 1176 1193 exortas
1205 1134 1274 1195 tur-

227 1230 398 1297 bationum
441 1250 544 1297 novas
580 1250 692 1297 causas
727 1234 859 1306 resecet,
897 1250 956 1295 nec
999 1229 1196 1316 repullulare
1232 1232 1273 1299 de

228 1338 346 1399 oaetero
366 1333 556 1419 permittat;
578 1332 635 1399 sed
661 1330 705 1399 ire
726 1331 812 1398 solio
836 1330 969 1417 joditii
997 1330 1159 1412 rasam,
1187 1334 1273 1401 sicut

227 1433 269 1499 de
290 1456 365 1522 rege
386 1433 473 1502 bono
494 1436 652 1521 scriptum
674 1438 733 1513 est,
757 1454 855 1501 ornos
877 1432 1013 1500 mdrron
1038 1433 1178 1501 intuito
1209 1456 1270 1503 sao
1284 1444 1416 1499 Procax.

229 1534 388 1623 dissipe&
411 1537 500 1622 quod
522 1538 610 1603 euim
631 1536 701 1623 ipse
722 1535 765 1603 ad
780 1541 923 1603 vestram
945 1537 1129 1603 suasionem
1149 1536 1270 1619 fecerit,
1284 1516 1307 1565 ⁸·

228 1660 287 1704 vos
324 1659 382 1724 per
417 1640 526 1725 ipsum
562 1641 598 1705 in
634 1638 705 1724 ipso
740 1638 874 1704 facietis
935 1638 990 1705 Ad
1026 1639 1132 1705 instar
1168 1639 1272 1727 igitur

229 1740 359 1819 Hester,
382 1740 524 1829 optimas,
548 1741 768 1821 mnotissimae,
795 1740 1121 1827 prudentissimoque
1142 1742 1272 1829 regium,

229 1842 386 1929 populum
417 1864 513 1911 suum
545 1844 645 1908 morti
676 1864 718 1909 ex
750 1842 880 1909 decreto
913 1842 1002 1928 regio
1032 1841 1201 1909 addictum
1232 1843 1274 1909 de

229 1951 334 2011 morte
354 1944 533 2025 liberantis,
555 1966 622 2011 non
644 1943 750 2010 solum
771 1944 938 2031 populum,
961 1944 1018 2011 sed
1040 1949 1075 2010 et
1097 1944 1217 2011 olerum
1239 1950 1274 2012 et

228 2047 444 2115 sacerdotium
458 2046 552 2135 regni
566 2046 697 2133 Angliae
720 2046 761 2112 de
780 2046 923 2112 insolitis
945 2051 979 2111 et
1000 2047 1095 2112 novis
1113 2048 1273 2135 angustiis

229 2172 288 2237 per
308 2155 451 2217 vestram
479 2148 568 2236 apud
598 2149 768 2215 dominum
789 2170 899 2235 regem
922 2148 1115 2215 instantiam
1135 2147 1273 2217 liberare

230 2252 356 2321 curetis
401 2251 519 2318 Valeat
538 2253 697 2319 serenitas
717 2255 828 2319 vestra
849 2272 975 2337 semper
997 2250 1033 2317 in
1055 2250 1205 2317 Domino.

710 2604 797 2673 olv.

236 2802 430 2873 Venerabili
473 2802 517 2871 ira
562 2801 696 2871 Christo
727 2801 826 2889 patri
871 2798 1005 2878 Othoni,
1046 2798 1112 2865 Dei
1154 2796 1271 2883 prolia

316 2906 438 2974 Sancti
474 2904 635 2973 Niolaolci
670 2904 715 2971 rire
746 2905 881 2971 Ocrea
913 2899 1076 2968 Polliones
1120 2900 1274 2967 Dioooreo

320 3008 513 3089 (lordiocli,
560 3006 759 3096 Apostoliooe
811 3004 901 3072 sedis
942 3004 1054 3090 opero,
1101 3002 1273 3083 liebertus,

318 3110 538 3178 miseratione
551 3109 677 3177 duam
690 3105 947 3175 anamulata
961 3103 1099 3172 eacan
1114 3103 1274 3171 maculer

318 3213 471 3293 homilia,
496 3212 648 3293 solomon,
671 3218 701 3277 et
726 3232 831 3297 prom
852 3208 1000 3276 debitore
1021 3214 1094 3275 trac
1122 3206 1274 3275 devotum

318 3313 363 3381 ire
384 3314 543 3382 comibus
564 3313 792 3382 obedientiam
813 3318 843 3379 et
864 3310 1096 3379 mamasac.

275 3487 418 3555 Rediens
453 3486 497 3555 ad
539 3506 599 3551 nos
641 3507 663 3551 a
698 3487 818 3549 vestrae
854 3480 1062 3569 paternitatis
1099 3479 1274 3566 prasentia
1284 3484 1398 3540 Heras

230 3592 384 3679 magister
406 3590 438 3659 S„
461 3589 502 3655 de
524 3588 663 3664 Ardeae,
686 3586 819 3652 clericus
846 3592 967 3665 noster,
981 3582 1097 3648 retulit
1119 3580 1213 3647 nobis
1239 3554 1440 3678 seffinfflt'

230 3694 380 3780 quaedam
410 3715 431 3758 a
452 3692 545 3761 vobis
567 3690 737 3767 audivisse,
760 3686 847 3753 unde
876 3707 945 3751 non
975 3684 1138 3749 modicum
1159 3684 1274 3751 timuit
1283 3686 1344 3740 uim.

230 3802 349 3864 vestrm
377 3799 541 3861 consueta
571 3791 754 3859 dilectionis
786 3811 863 3876 erga
893 3808 952 3853 nos
984 3785 1193 3852 serenitatem
1215 3785 1274 3850 ob·

229 3898 389 3965 fuscatam
409 3896 517 3963 irrisae
563 3894 659 3975 Quod
690 3894 855 3959 siverum
881 3894 973 3968 esset,
997 3888 1173 3975 plurimum
1195 3886 1272 3953 inde

230 4000 418 4077 doleremus,
456 3999 541 4065 sicut
577 4003 612 4062 et
639 3996 846 4074 deberemus;
878 3992 1031 4057 novimus
1064 3990 1151 4055 enim
1184 3990 1272 4076 quod

229 4125 343 4169 serena
364 4107 399 4169 at
420 4103 529 4168 suavis
551 4099 733 4166 dilectionis
754 4102 873 4163 vestrae
896 4114 992 4181 super
1014 4114 1073 4159 uos
1104 4092 1272 4157 irradiatio

230 4213 351 4275 natm
371 4203 616 4271 tenebrositatis
637 4206 687 4267 est
709 4199 869 4287 purgatio,
886 4196 1075 4283 frigiditatis
1098 4193 1269 4273 calefactio,

229 4307 489 4375 mortificationis
505 4304 693 4381 vivificatio,
716 4299 900 4367 sterilitatis
922 4298 965 4363 ud
986 4295 1270 4363 fructificationem

229 4409 384 4477 reductio.
429 4408 517 4474 Sunt
553 4407 685 4492 insuper
720 4402 886 4469 radiorum
921 4400 1051 4467 sinoerae
1089 4396 1271 4462 dilectionis

230 4510 354 4598 spicula
381 4510 583 4575 adversarias
612 4504 796 4594 potestates
822 4508 858 4568 et
889 4524 999 4567 earum
1021 4503 1156 4565 conatus
1178 4498 1271 4563 dissi-

230 4612 351 4700 pontia
397 4612 566 4691 Quomodo
588 4610 690 4698 igitur
711 4629 778 4673 non
792 4604 982 4685 doleremus,
1001 4600 1030 4687 si
1051 4600 1155 4665 tentis
1176 4600 1271 4666 bonis

230 4736 291 4780 nos
327 4714 473 4800 privatos
510 4736 579 4779 esse
615 4710 826 4779 sentiremusl
870 4706 937 4774 Sed
971 4702 1126 4791 quicqmd
1163 4702 1271 4771 dictus
