3500 5784
698 877 877 926 mrsronn.
1275 851 1318 934 4⁵7

265 1051 504 1136 circumspecte,
547 1048 730 1135 nimisque¹
769 1048 925 1114 audacter
969 1068 1181 1133 susceperam,
1226 1046 1318 1111 illinc

265 1173 343 1217 vero
378 1150 567 1217 obedientia
590 1172 656 1237 qua
682 1156 797 1217 teneor
819 1150 1044 1236 obtemperare
1076 1148 1319 1214 constitutioni-

265 1252 328 1317 bus
358 1253 443 1318 sedis
477 1254 671 1339 apostolicae.
721 1254 846 1318 Verum
880 1256 992 1317 autem
1027 1256 1086 1331 est,
1121 1251 1209 1337 quod
1243 1272 1321 1315 cura

265 1355 439 1441 pastoralis
470 1354 568 1420 semel
600 1358 751 1441 suscepta
780 1354 960 1420 deserenda
992 1359 1143 1433 nonest,
1176 1353 1241 1417 nisi
1272 1350 1320 1416 is²

265 1457 323 1541 qui
354 1457 475 1522 deserit
509 1456 545 1521 in
582 1456 709 1521 altioris
742 1456 953 1543 professionis
983 1460 1109 1522 statum
1144 1477 1179 1521 se
1212 1461 1321 1519 trans·

266 1557 357 1635 ferat,
382 1556 436 1623 vei
467 1558 684 1645 impotentem
718 1556 761 1623 ad
796 1563 980 1645 susceptam
1014 1579 1125 1624 curem
1159 1556 1320 1644 agendam

266 1682 299 1725 se
330 1660 461 1739 sentiat,
485 1661 540 1725 vel
574 1682 616 1725 ex
650 1682 728 1725 cura
760 1682 820 1725 sua
853 1658 890 1724 in
923 1660 1065 1726 subditis
1087 1660 1230 1725 fructum
1253 1680 1321 1723 non

266 1766 382 1848 speret,
406 1762 461 1827 vel
495 1762 605 1827 minus
635 1762 781 1849 provide,
805 1763 859 1827 vel
889 1763 990 1827 etiam
1024 1762 1053 1826 si
1072 1761 1230 1848 possibile
1262 1765 1319 1837 est,

266 1863 403 1950 provide
437 1863 484 1927 sic
514 1884 549 1928 se
583 1860 658 1929 aliis
691 1863 899 1950 implicuerit,
944 1863 1033 1949 quod
1066 1884 1141 1928 cum
1175 1864 1222 1928 eis
1251 1884 1321 1927 sus·

266 1970 395 2051 ceptam
421 1986 533 2031 curam
564 1964 654 2031 licite
676 1968 789 2031 tenere
822 1986 892 2030 non
925 1966 1037 2051 possit.
1082 1965 1321 2030 Verumtamen

265 2069 301 2132 in
323 2068 410 2133 facto
432 2088 505 2134 meo
527 2090 580 2133 me
602 2088 670 2133 non
688 2068 844 2153 justifico,
864 2068 943 2132 licet
965 2088 1101 2154 sperem,
1125 2068 1215 2152 quod
1236 2064 1321 2131 illud

267 2191 287 2235 a
317 2170 436 2235 timore
469 2170 534 2235 Dei
568 2174 761 2256 conceptum
794 2168 897 2234 fuerit
934 2174 969 2234 et
997 2173 1137 2255 partum.
1200 2168 1321 2234 Vereor

266 2270 355 2337 enim
392 2292 466 2337 oum
504 2270 625 2337 afflicto
663 2270 730 2336 Job
769 2270 892 2337 omnia
921 2287 1129 2357 operantem
1174 2270 1222 2336 Et
1254 2270 1487 2335 scientiaea

265 2374 354 2460 quod
376 2373 461 2439 sicut
490 2374 527 2439 in
557 2374 643 2438 libro
665 2374 779 2439 eodem
811 2373 835 2438 J
838 2373 880 2439 ob
911 2373 1085 2439 scribitur:
1108 2370 1191 2439 Noa
1214 2371 1463 2459 justi-soum.

257 2474 364 2561 ficari
382 2480 491 2561 potest
505 2473 602 2541 homo
617 2481 836 2561 coaeparatur
858 2475 936 2553 Deo,
952 2481 1016 2542 unct
1037 2496 1201 2562 appareo
1216 2461 1388 2542 mua-⁴‘⁶·

266 2576 334 2642 due
355 2584 462 2643 natas
485 2572 526 2643 de
554 2574 700 2644 muliere
709 2600 723 2657 ;
759 2581 794 2642 et
823 2577 913 2664 quod
944 2576 1033 2643 iana
1062 2598 1137 2643 noa
1158 2576 1319 2664 splendet,

266 2686 295 2745 et
316 2678 416 2746 stella
438 2700 512 2747 ooo
533 2686 617 2745 sanct
638 2678 783 2745 mandre
805 2678 848 2745 a'n
872 2685 1048 2767 conspecta
1071 2679 1144 2764 ejus
1154 2703 1169 2760 ;
1192 2684 1320 2765 quanto

266 2780 379 2867 inopis
425 2782 523 2849 tomo
563 2780 711 2869 putredo
756 2788 785 2847 et
820 2776 927 2867 filias
970 2780 1123 2848 menan
1167 2779 1322 2847 mmsis?

266 2883 407 2948 Proinde
438 2884 555 2951 dilecte
585 2884 641 2965 mi,
673 2889 707 2949 te
738 2904 813 2949 oum
847 2884 1002 2971 lacrymis
1033 2884 1223 2971 suppliciter
1253 2905 1321 2964 oro,

267 2990 430 3071 quatenus
463 3008 531 3051 non
556 2982 684 3051 desines
708 3006 799 3050 orere
830 2984 940 3050 Deum
969 3006 1029 3071 pro
1051 3007 1113 3063 me,
1135 2989 1176 3050 ut
1198 3005 1320 3049 memo-

267 3091 378 3151 ratum
399 3087 525 3153 factum
559 3088 587 3152 si
621 3086 744 3152 malum
771 3086 880 3165 fuerit,
904 3087 1002 3151 simul
1024 3109 1100 3153 oum
1128 3086 1202 3151 aliis
1223 3086 1321 3150 maiis

267 3190 348 3254 meis
369 3189 499 3275 magnis
521 3194 556 3254 et
579 3188 771 3267 innumeris,
794 3210 853 3274 per
874 3187 1043 3253 infinitam
1067 3188 1319 3253 misericordiam

267 3310 361 3354 suam
390 3290 564 3371 dimittet3
598 3290 626 3355 si
660 3289 794 3368 bonum,
818 3290 906 3375 quod
937 3291 1043 3377 magis
1065 3311 1165 3376 spero,
1188 3294 1229 3353 ut
1250 3310 1321 3353 ma-

267 3392 355 3457 culas
392 3412 435 3456 ex
472 3391 727 3457 circumstantiis
764 3392 802 3455 in
839 3390 953 3456 eodem
990 3392 1078 3456 fecto
1109 3395 1145 3457 et
1173 3390 1209 3455 in
1246 3390 1322 3455 aliis

266 3492 361 3557 bonis
384 3492 412 3557 si
435 3514 501 3580 qua
532 3493 627 3581 gessi,
650 3498 842 3571 contractas,
866 3492 1119 3559 misericorditer
1150 3491 1266 3557 abluat
1287 3495 1323 3557 et

267 3594 445 3680 abstergat.

300 3886 455 3955 ¹uimisque]
471 3885 611 3951 minusque,
623 3886 714 3939 OOC.
788 3888 793 3954 Ι
848 3886 911 3952 ²1⁸⁸]
930 3887 988 3949 niis,
999 3888 1088 3940 C.C.O.
