3500 5784
702 894 879 945 anismam.
1296 881 1315 942 9

272 1076 289 1101 “
312 1066 396 1133 alia¹
434 1068 565 1153 majora,
598 1088 665 1132 non
690 1071 802 1134 tamen
831 1068 903 1133 aliis
936 1067 1002 1133 alia
1037 1067 1142 1153 magis
1183 1066 1316 1131 immor-

270 1178 289 1205 “
311 1170 417 1235 talin²
450 1176 528 1236 sunt
559 1168 725 1249 membra3
766 1170 863 1236 sicuti
887 1192 975 1235 nuno
1009 1169 1140 1256 quando
1162 1167 1253 1232 omni
1273 1189 1317 1231 ex

269 1280 289 1307 “
310 1278 403 1359 parte
439 1273 512 1337 sani
550 1294 670 1352 sumus,
709 1272 886 1339 secundum
923 1273 1057 1338 modum
1084 1270 1254 1359 praesentis
1280 1270 1317 1333 in

270 1382 441 1463 “corpore
478 1374 638 1453 sanitatis,
671 1397 739 1441 non
770 1375 848 1462 quia
877 1375 983 1461 major
1019 1381 1070 1441 est
1093 1394 1210 1439 manus
1244 1376 1317 1436 tota

270 1486 288 1511 “
311 1500 410 1564 quam
432 1480 565 1568 digitus,
589 1478 663 1545 ideo
684 1479 787 1545 totius
809 1500 927 1545 manus
950 1479 1128 1544 sanitatem
1158 1474 1315 1561 majorem

269 1586 287 1615 “
311 1581 447 1648 dicimus
477 1604 546 1648 esse
576 1604 675 1668 quam
706 1582 824 1669 digiti;
857 1582 915 1648 ssd
944 1583 980 1646 in
1010 1582 1074 1647 illis
1099 1578 1316 1665 inaequalibus

269 1690 287 1717 “
310 1684 444 1770 aequalis
473 1689 524 1750 est
547 1684 628 1771 ipsa,
658 1684 791 1770 quando
819 1684 869 1749 ita
904 1682 1056 1749 breviora
1087 1680 1316 1771 grandioribus

268 1794 284 1821 “
308 1792 546 1874 eomparantur,
568 1792 608 1851 ut
633 1786 722 1873 quod
745 1792 816 1852 tam
839 1808 997 1874 magnum
1019 1806 1087 1852 esee
1108 1806 1175 1850 non
1196 1787 1316 1870 potest,

269 1894 288 1922 “
311 1909 410 1974 quam
426 1894 476 1955 ast
490 1888 590 1967 aliud,
613 1889 716 1975 possit
737 1894 850 1955 tamen
866 1911 935 1955 esse
958 1893 1029 1953 tam
1050 1909 1174 1955 sanum.
1221 1886 1317 1951 Esset

270 2000 287 2024 '‘
309 1997 421 2057 autem
466 1991 571 2077 major
612 1992 736 2057 sanitas
779 1992 816 2057 in
858 1991 1039 2078 majoribus
1081 1988 1246 2069 membris,
1287 1987 1317 2053 si

267 2100 286 2127 “
308 2100 416 2159 emant
455 2095 580 2180 majora
620 2094 756 2161 saniora
813 2093 898 2161 Oum
935 2116 1013 2161 vero
1057 2115 1125 2159 non
1162 2095 1212 2158 ita
1257 2095 1315 2168 est,

268 2202 287 2231 “
309 2197 365 2262 sed
397 2195 523 2283 majora
557 2202 655 2284 atque
689 2197 817 2263 minora
853 2202 925 2263 tam
954 2219 1034 2262 sana
1069 2200 1168 2276 sunt;
1205 2193 1317 2280 dispar

267 2308 286 2333 “
308 2306 358 2365 est
386 2300 531 2387 profecto
560 2299 597 2365 in
627 2297 847 2365 membrorum
882 2300 1023 2366 molibus
1048 2297 1227 2385 quantitas,
1257 2296 1315 2361 sed

268 2408 286 2436 ‘¹
309 2425 369 2488 par
413 2407 463 2468 est
506 2402 543 2467 in
589 2402 774 2489 disparibus
818 2402 950 2468 sanitas
1027 2401 1113 2469 (lum
1153 2422 1230 2488 ergo
1271 2400 1316 2465 sit

269 2512 425 2592 “eorpus
469 2504 580 2591 aliqua
624 2504 818 2583 substantie,
864 2506 1035 2592 quantitas
1072 2504 1142 2591 ejus
1187 2508 1238 2569 eet
1279 2502 1314 2567 in

268 2606 537 2695 “magnitudine
575 2606 671 2673 molis
712 2607 803 2694 ejns3
849 2610 973 2674 sanitas
1015 2629 1094 2674 vero
1136 2605 1207 2693 ejus
1247 2627 1315 2670 non

267 2718 287 2743 “
310 2710 488 2796 quantitas,
516 2711 573 2777 sed
599 2710 741 2799 qualitas
770 2709 842 2797 ejus
877 2716 935 2777 est.
987 2710 1067 2776 Non
1098 2730 1176 2797 ergo
1202 2707 1313 2795 potuit

267 2820 285 2847 “
308 2812 455 2879 obtinere
495 2814 663 2899 quantitas
704 2814 844 2901 eorporis
887 2812 975 2899 quod
1015 2812 1126 2900 potuit
1164 2811 1313 2898 qualitas.

267 2922 286 2951 “
308 2914 397 2981 Nam
436 2916 510 2996 iste,
557 2916 757 2984 distantibus
801 2916 953 3003 partibus
992 2937 1066 3002 quae
1106 2914 1205 2980 simul
1243 2935 1312 2979 esse

268 3026 286 3053 “
308 3040 375 3084 non
404 3024 548 3106 possunt,
581 3019 737 3105 quoniam
774 3041 833 3085 sua
862 3040 1000 3106 quaeque
1028 3018 1138 3107 spatia
1169 3019 1314 3083 looorum

268 3128 285 3157 “
309 3126 432 3200 tenent,
472 3123 615 3189 minores
655 3122 782 3189 minora
818 3128 853 3188 et
890 3122 1029 3208 majorae
1070 3121 1202 3208 majora,
1245 3142 1314 3185 non

267 3232 286 3259 “
309 3224 418 3312 potuit
447 3246 515 3291 esse
543 3225 580 3290 in
604 3224 743 3313 singulis
769 3226 954 3312 quibusque
979 3225 1131 3313 partibus
1158 3229 1232 3290 tots
1260 3223 1315 3289 vel

267 3336 285 3361 “
308 3333 427 3409 tanta3
466 3328 522 3395 sed
560 3328 698 3415 amplior
736 3334 786 3393 est
819 3328 989 3414 quantitas
1028 3328 1064 3393 in
1101 3324 1314 3413 amplioribus

266 3437 285 3466 “
307 3431 456 3517 partibus
465 3428 487 3511 ⁸,
522 3430 653 3497 brevior
675 3430 710 3495 in
736 3430 950 3512 brevioribus,
977 3436 1012 3496 et
1035 3431 1071 3495 in
1096 3430 1189 3495 nulla
1218 3434 1314 3517 parte

268 3543 286 3567 “
311 3538 415 3613 tenta,
453 3538 579 3619 quanta
615 3554 674 3619 per
711 3538 830 3599 totmn.
879 3532 1030 3613 Qualitas
1057 3554 1136 3598 vero
1162 3532 1312 3621 eorporis,

267 3646 285 3671 “
308 3658 382 3723 quae
412 3637 537 3703 sanitas
560 3634 689 3715 dieitur,
728 3657 802 3702 oum
826 3656 945 3701 sanum
969 3642 1021 3701 est
1050 3658 1165 3723 eorpus
1194 3641 1312 3715 totum,

266 3744 403 3805 “tanta
441 3745 491 3805 ast
525 3740 561 3804 in
598 3737 777 3824 majoribus
808 3745 935 3825 quanta
973 3744 1023 3805 est
1059 3739 1095 3804 in
1132 3739 1313 3806 minoribus

266 3848 283 3877 “
307 3841 463 3928 partibus.
511 3841 590 3908 Non
626 3841 714 3907 enim
737 3864 811 3929 quse
833 3842 944 3908 minus
969 3864 1098 3928 magnae
1128 3847 1215 3921 sunt,
1239 3842 1313 3907 ideo

265 3954 283 3979 “
307 3944 428 4009 minus
444 3966 533 4011 sanae
566 3950 667 4026 sunt;
690 3952 752 4011 aut
774 3966 847 4031 quae
871 3944 1044 4032 ampliores
1065 3944 1139 4010 ideo
1160 3945 1311 4011 sardonas

265 4054 283 4081 “
306 4047 404 4113 Absit
427 4070 510 4135 ergo,
533 4052 573 4113 ut
595 4046 683 4134 quod
704 4052 813 4134 potest
835 4047 871 4112 in
894 4068 1027 4135 corpore
1049 4047 1191 4134 qualitas
1212 4050 1312 4115 mesti

265 4156 284 4183 “
307 4150 456 4237 eorporis,
486 4172 554 4215 non
586 4150 690 4237 possit
714 4150 751 4215 in
773 4172 807 4216 se
833 4151 906 4237 ipsa
927 4150 1115 4216 substantia
1140 4150 1311 4218 Crmtoris.

265 4258 284 4287 “
309 4251 369 4317 ma
391 4275 467 4340 ergo
490 4252 581 4319 Deus
603 4275 662 4341 per
683 4258 801 4319 cuneta
823 4254 967 4319 diffissus
1014 4252 1090 4339 Ipse
1112 4254 1232 4342 quippe
1253 4278 1312 4343 per

264 4362 283 4391 “
306 4355 497 4443 prophetam
532 4356 602 4423 ait:
656 4354 785 4423 dolum
830 4362 861 4423 st
909 4362 1038 4423 marom
1082 4378 1140 4444 eqo
1175 4358 1309 4445 impleo.
1323 4369 1462 4488 gquin

296 4687 303 4717 ¹
320 4685 385 4753 alio]
403 4702 453 4737 om.
466 4686 556 4739 0.0.G.
812 4690 878 4749 Ox.;
896 4704 944 4740 om.
956 4689 1044 4756 magis,
1054 4691 1145 4746 C.O.C.

295 4768 305 4797 ²
322 4768 397 4833 mpla
408 4764 564 4835 inmortalia]
577 4766 761 4829 immortaliora,
843 4770 853 4800 ¹
866 4768 995 4837 portibus]
1014 4786 1062 4822 om.
1074 4772 1127 4825 siu
