<?xml version="1.0" encoding="UTF-8"?>
<!DOCTYPE html PUBLIC "-//W3C//DTD XHTML 1.0 Transitional//EN"
    "http://www.w3.org/TR/xhtml1/DTD/xhtml1-transitional.dtd">
<html xmlns="http://www.w3.org/1999/xhtml" xml:lang="en" lang="en">
 <head>
  <title>
</title>
<meta http-equiv="Content-Type" content="text/html;charset=utf-8" />
  <meta name='ocr-system' content='tesseract 3.04.00' />
  <meta name='ocr-capabilities' content='ocr_page ocr_carea ocr_par ocr_line ocrx_word'/>
</head>
<body>
  <div class='ocr_page' id='page_1' title='image "./robertigrossete00luargoog_0216.png"; bbox 0 0 3500 5784; ppageno 0'>
   <div class='ocr_carea' id='block_1_1' title="bbox 710 879 1324 950">
    <p class='ocr_par' dir='ltr' id='par_1_1' title="bbox 710 879 1324 950">
     <span class='ocr_line' id='line_1_1' title="bbox 710 879 1324 950; baseline 0.003 -7"><span class='ocrx_word' id='word_1_1' title='bbox 710 894 888 944; x_wconf 78' lang='lat' dir='ltr'><strong>srrsrona.</strong></span> <span class='ocrx_word' id='word_1_2' title='bbox 1280 879 1324 950; x_wconf 83' lang='lat'><strong>73</strong></span> 
     </span>
    </p>
   </div>
   <div class='ocr_carea' id='block_1_2' title="bbox 281 1065 1489 1253">
    <p class='ocr_par' dir='ltr' id='par_1_2' title="bbox 281 1065 1489 1253">
     <span class='ocr_line' id='line_1_2' title="bbox 281 1065 1488 1199; baseline 0 -66"><span class='ocrx_word' id='word_1_3' title='bbox 281 1065 383 1151; x_wconf 81' lang='lat' dir='ltr'><strong>quusi</strong></span> <span class='ocrx_word' id='word_1_4' title='bbox 407 1067 579 1134; x_wconf 79' lang='lat' dir='ltr'><strong>rationem</strong></span> <span class='ocrx_word' id='word_1_5' title='bbox 599 1089 666 1155; x_wconf 78' lang='lat' dir='ltr'><strong>pro</strong></span> <span class='ocrx_word' id='word_1_6' title='bbox 685 1068 797 1155; x_wconf 75' lang='lat' dir='ltr'><strong>pcepta</strong></span> <span class='ocrx_word' id='word_1_7' title='bbox 819 1068 1004 1136; x_wconf 62' lang='lat' dir='ltr'><strong>cannabus</strong></span> <span class='ocrx_word' id='word_1_8' title='bbox 1025 1069 1254 1151; x_wconf 78' lang='lat' dir='ltr'><strong>redditurum,</strong></span> <span class='ocrx_word' id='word_1_9' title='bbox 1278 1070 1326 1157; x_wconf 89' lang='lat' dir='ltr'><strong>ip·</strong></span> <span class='ocrx_word' id='word_1_10' title='bbox 1339 1082 1488 1199; x_wconf 55' lang='lat' dir='ltr'><strong>ppgpffip</strong></span> 
     </span>
     <span class='ocr_line' id='line_1_3' title="bbox 1301 1178 1489 1253; baseline 0 -15"><span class='ocrx_word' id='word_1_11' title='bbox 1301 1178 1325 1253; x_wconf 89' lang='lat' dir='ltr'><strong>t,</strong></span> <span class='ocrx_word' id='word_1_12' title='bbox 1482 1184 1489 1199; x_wconf 85' lang='lat'>’</span> 
     </span>
    </p>
   </div>
   <div class='ocr_carea' id='block_1_3' title="bbox 230 1171 1496 4338">
    <p class='ocr_par' dir='ltr' id='par_1_3' title="bbox 230 1171 1496 4338">
     <span class='ocr_line' id='line_1_4' title="bbox 281 1171 1366 1291; baseline 0.004 -58"><span class='ocrx_word' id='word_1_13' title='bbox 281 1191 418 1255; x_wconf 89' lang='lat' dir='ltr'><strong>sumque</strong></span> <span class='ocrx_word' id='word_1_14' title='bbox 439 1192 571 1259; x_wconf 84' lang='lat' dir='ltr'><strong>gregem</strong></span> <span class='ocrx_word' id='word_1_15' title='bbox 589 1193 732 1258; x_wconf 76' lang='lat' dir='ltr'><strong>pascere,</strong></span> <span class='ocrx_word' id='word_1_16' title='bbox 749 1173 835 1238; x_wconf 88' lang='lat' dir='ltr'><strong>sicut</strong></span> <span class='ocrx_word' id='word_1_17' title='bbox 856 1172 894 1237; x_wconf 91' lang='lat' dir='ltr'><strong>in</strong></span> <span class='ocrx_word' id='word_1_18' title='bbox 916 1171 1062 1239; x_wconf 76' lang='lat' dir='ltr'><strong>Jeremia</strong></span> <span class='ocrx_word' id='word_1_19' title='bbox 1084 1173 1243 1260; x_wconf 86' lang='lat' dir='ltr'><strong>scriptum</strong></span> <span class='ocrx_word' id='word_1_20' title='bbox 1265 1194 1300 1238; x_wconf 88' lang='lat' dir='ltr'><strong>es</strong></span> <span class='ocrx_word' id='word_1_21' title='bbox 1340 1242 1366 1291; x_wconf 80' lang='lat' dir='ltr'><strong>H</strong></span> 
     </span>
     <span class='ocr_line' id='line_1_5' title="bbox 281 1243 1470 1362; baseline 0.001 -23"><span class='ocrx_word' id='word_1_22' title='bbox 281 1270 426 1339; x_wconf 59' lang='lat' dir='ltr'><strong>minio</strong></span> <span class='ocrx_word' id='word_1_23' title='bbox 447 1280 476 1339; x_wconf 83' lang='lat' dir='ltr'><strong>et</strong></span> <span class='ocrx_word' id='word_1_24' title='bbox 498 1273 681 1353; x_wconf 58' lang='lat' dir='ltr'><strong>doctrinm</strong></span> <span class='ocrx_word' id='word_1_25' title='bbox 715 1297 775 1341; x_wconf 92' lang='lat' dir='ltr'><strong>nos</strong></span> <span class='ocrx_word' id='word_1_26' title='bbox 801 1276 871 1341; x_wconf 79' lang='lat' dir='ltr'><strong>haec</strong></span> <span class='ocrx_word' id='word_1_27' title='bbox 893 1275 1110 1355; x_wconf 88' lang='lat' dir='ltr'><strong>attendentes,</strong></span> <span class='ocrx_word' id='word_1_28' title='bbox 1135 1282 1169 1342; x_wconf 92' lang='lat' dir='ltr'><strong>et</strong></span> <span class='ocrx_word' id='word_1_29' title='bbox 1195 1277 1247 1342; x_wconf 88' lang='lat' dir='ltr'><strong>his</strong></span> <span class='ocrx_word' id='word_1_30' title='bbox 1269 1276 1327 1362; x_wconf 89' lang='lat' dir='ltr'><strong>qui</strong></span> <span class='ocrx_word' id='word_1_31' title='bbox 1344 1243 1470 1359; x_wconf 57' lang='lat' dir='ltr'><strong>Henna</strong></span> 
     </span>
     <span class='ocr_line' id='line_1_6' title="bbox 282 1374 1496 1465; baseline 0.005 -27"><span class='ocrx_word' id='word_1_32' title='bbox 282 1374 318 1437; x_wconf 92' lang='lat' dir='ltr'><strong>in</strong></span> <span class='ocrx_word' id='word_1_33' title='bbox 353 1396 452 1461; x_wconf 89' lang='lat' dir='ltr'><strong>grege</strong></span> <span class='ocrx_word' id='word_1_34' title='bbox 489 1375 586 1441; x_wconf 87' lang='lat' dir='ltr'><strong>nobis</strong></span> <span class='ocrx_word' id='word_1_35' title='bbox 622 1376 701 1441; x_wconf 90' lang='lat' dir='ltr'><strong>licet</strong></span> <span class='ocrx_word' id='word_1_36' title='bbox 745 1378 900 1465; x_wconf 82' lang='lat' dir='ltr'><strong>indignis,</strong></span> <span class='ocrx_word' id='word_1_37' title='bbox 933 1377 1076 1443; x_wconf 89' lang='lat' dir='ltr'><strong>Domino</strong></span> <span class='ocrx_word' id='word_1_38' title='bbox 1103 1379 1297 1465; x_wconf 86' lang='lat' dir='ltr'><strong>disponente</strong></span> <span class='ocrx_word' id='word_1_39' title='bbox 1307 1377 1328 1457; x_wconf 87' lang='lat'><strong>¹,</strong></span> <span class='ocrx_word' id='word_1_40' title='bbox 1341 1375 1394 1427; x_wconf 64' lang='lat' dir='ltr'><strong>J‘ff·</strong></span> <span class='ocrx_word' id='word_1_41' title='bbox 1406 1374 1443 1426; x_wconf 83' lang='lat' dir='ltr'><strong>iii.</strong></span> <span class='ocrx_word' id='word_1_42' title='bbox 1459 1380 1496 1426; x_wconf 83' lang='lat'><strong>¹⁵·</strong></span> 
     </span>
     <span class='ocr_line' id='line_1_7' title="bbox 282 1477 1330 1567; baseline 0.005 -27"><span class='ocrx_word' id='word_1_43' title='bbox 282 1477 461 1558; x_wconf 84' lang='lat' dir='ltr'><strong>commisso,</strong></span> <span class='ocrx_word' id='word_1_44' title='bbox 476 1477 633 1564; x_wconf 87' lang='lat' dir='ltr'><strong>ignorant</strong></span> <span class='ocrx_word' id='word_1_45' title='bbox 654 1482 689 1543; x_wconf 90' lang='lat' dir='ltr'><strong>et</strong></span> <span class='ocrx_word' id='word_1_46' title='bbox 710 1484 831 1558; x_wconf 90' lang='lat' dir='ltr'><strong>errant,</strong></span> <span class='ocrx_word' id='word_1_47' title='bbox 847 1502 906 1565; x_wconf 88' lang='lat' dir='ltr'><strong>pro</strong></span> <span class='ocrx_word' id='word_1_48' title='bbox 921 1500 1014 1566; x_wconf 84' lang='lat' dir='ltr'><strong>posse</strong></span> <span class='ocrx_word' id='word_1_49' title='bbox 1028 1486 1140 1546; x_wconf 90' lang='lat' dir='ltr'><strong>nostro</strong></span> <span class='ocrx_word' id='word_1_50' title='bbox 1162 1480 1330 1567; x_wconf 86' lang='lat' dir='ltr'><strong>cupientes</strong></span> 
     </span>
     <span class='ocr_line' id='line_1_8' title="bbox 282 1578 1328 1667; baseline 0.006 -26"><span class='ocrx_word' id='word_1_51' title='bbox 282 1578 412 1656; x_wconf 87' lang='lat' dir='ltr'><strong>mederi,</strong></span> <span class='ocrx_word' id='word_1_52' title='bbox 436 1579 594 1665; x_wconf 82' lang='lat' dir='ltr'><strong>quosdam</strong></span> <span class='ocrx_word' id='word_1_53' title='bbox 617 1601 728 1645; x_wconf 89' lang='lat' dir='ltr'><strong>eorum</strong></span> <span class='ocrx_word' id='word_1_54' title='bbox 750 1581 947 1666; x_wconf 89' lang='lat' dir='ltr'><strong>perniciosos</strong></span> <span class='ocrx_word' id='word_1_55' title='bbox 970 1602 1091 1647; x_wconf 85' lang='lat' dir='ltr'><strong>errores</strong></span> <span class='ocrx_word' id='word_1_56' title='bbox 1106 1602 1165 1667; x_wconf 90' lang='lat' dir='ltr'><strong>per</strong></span> <span class='ocrx_word' id='word_1_57' title='bbox 1187 1582 1328 1660; x_wconf 84' lang='lat' dir='ltr'><strong>devium,</strong></span> 
     </span>
     <span class='ocr_line' id='line_1_9' title="bbox 283 1679 1330 1769; baseline 0.005 -26"><span class='ocrx_word' id='word_1_58' title='bbox 283 1679 499 1759; x_wconf 88' lang='lat' dir='ltr'><strong>tenebrosum,</strong></span> <span class='ocrx_word' id='word_1_59' title='bbox 514 1685 550 1746; x_wconf 92' lang='lat' dir='ltr'><strong>et</strong></span> <span class='ocrx_word' id='word_1_60' title='bbox 563 1680 726 1747; x_wconf 87' lang='lat' dir='ltr'><strong>lubricum</strong></span> <span class='ocrx_word' id='word_1_61' title='bbox 747 1684 790 1748; x_wconf 80' lang='lat' dir='ltr'><strong>ad</strong></span> <span class='ocrx_word' id='word_1_62' title='bbox 809 1682 932 1748; x_wconf 82' lang='lat' dir='ltr'><strong>inferos</strong></span> <span class='ocrx_word' id='word_1_63' title='bbox 954 1682 1160 1764; x_wconf 77' lang='lat' dir='ltr'>deducentes,</span> <span class='ocrx_word' id='word_1_64' title='bbox 1176 1684 1330 1769; x_wconf 88' lang='lat' dir='ltr'><strong>praesenti</strong></span> 
     </span>
     <span class='ocr_line' id='line_1_10' title="bbox 282 1781 1330 1869; baseline 0.003 -22"><span class='ocrx_word' id='word_1_65' title='bbox 282 1781 412 1867; x_wconf 74' lang='lat' dir='ltr'><strong>pagina</strong></span> <span class='ocrx_word' id='word_1_66' title='bbox 434 1782 590 1847; x_wconf 88' lang='lat' dir='ltr'><strong>duximus</strong></span> <span class='ocrx_word' id='word_1_67' title='bbox 611 1783 811 1862; x_wconf 79' lang='lat' dir='ltr'><strong>inserendos,</strong></span> <span class='ocrx_word' id='word_1_68' title='bbox 829 1784 986 1869; x_wconf 87' lang='lat' dir='ltr'><strong>quosdam</strong></span> <span class='ocrx_word' id='word_1_69' title='bbox 1009 1793 1120 1851; x_wconf 89' lang='lat' dir='ltr'><strong>vestro</strong></span> <span class='ocrx_word' id='word_1_70' title='bbox 1147 1785 1330 1851; x_wconf 89' lang='lat' dir='ltr'><strong>ministerio</strong></span> 
     </span>
     <span class='ocr_line' id='line_1_11' title="bbox 282 1883 1331 1973; baseline 0.004 -27"><span class='ocrx_word' id='word_1_71' title='bbox 282 1904 340 1968; x_wconf 91' lang='lat' dir='ltr'><strong>per</strong></span> <span class='ocrx_word' id='word_1_72' title='bbox 360 1883 644 1950; x_wconf 71' lang='lat' dir='ltr'><strong>archidiaconatus</strong></span> <span class='ocrx_word' id='word_1_73' title='bbox 666 1890 794 1951; x_wconf 85' lang='lat' dir='ltr'><strong>vestros</strong></span> <span class='ocrx_word' id='word_1_74' title='bbox 815 1886 937 1973; x_wconf 88' lang='lat' dir='ltr'><strong>populo</strong></span> <span class='ocrx_word' id='word_1_75' title='bbox 959 1887 1127 1973; x_wconf 71' lang='lat' dir='ltr'><strong>ignoranti</strong></span> <span class='ocrx_word' id='word_1_76' title='bbox 1149 1886 1184 1953; x_wconf 90' lang='lat' dir='ltr'><strong>et</strong></span> <span class='ocrx_word' id='word_1_77' title='bbox 1206 1886 1331 1952; x_wconf 75' lang='lat' dir='ltr'><strong>erranti</strong></span> 
     </span>
     <span class='ocr_line' id='line_1_12' title="bbox 282 1984 1331 2076; baseline 0.004 -27"><span class='ocrx_word' id='word_1_78' title='bbox 282 1984 494 2051; x_wconf 82' lang='lat' dir='ltr'><strong>declarandos</strong></span> <span class='ocrx_word' id='word_1_79' title='bbox 514 1993 550 2052; x_wconf 92' lang='lat' dir='ltr'><strong>et</strong></span> <span class='ocrx_word' id='word_1_80' title='bbox 570 1987 815 2069; x_wconf 86' lang='lat' dir='ltr'><strong>dissuadendos,</strong></span> <span class='ocrx_word' id='word_1_81' title='bbox 839 1988 998 2073; x_wconf 84' lang='lat' dir='ltr'><strong>quosdam</strong></span> <span class='ocrx_word' id='word_1_82' title='bbox 1019 2010 1098 2053; x_wconf 91' lang='lat' dir='ltr'><strong>vero</strong></span> <span class='ocrx_word' id='word_1_83' title='bbox 1112 1988 1331 2076; x_wconf 81' lang='lat' dir='ltr'><strong>prohibendos</strong></span> 
     </span>
     <span class='ocr_line' id='line_1_13' title="bbox 283 2090 1331 2176; baseline 0.004 -25"><span class='ocrx_word' id='word_1_84' title='bbox 283 2093 318 2151; x_wconf 90' lang='lat' dir='ltr'><strong>et</strong></span> <span class='ocrx_word' id='word_1_85' title='bbox 348 2110 486 2153; x_wconf 83' lang='lat' dir='ltr'><strong>censura</strong></span> <span class='ocrx_word' id='word_1_86' title='bbox 521 2090 675 2155; x_wconf 79' lang='lat' dir='ltr'><strong>cononica</strong></span> <span class='ocrx_word' id='word_1_87' title='bbox 712 2090 970 2176; x_wconf 73' lang='lat' dir='ltr'><strong>compescendos.</strong></span> <span class='ocrx_word' id='word_1_88' title='bbox 1014 2090 1061 2154; x_wconf 85' lang='lat' dir='ltr'><strong>Et</strong></span> <span class='ocrx_word' id='word_1_89' title='bbox 1093 2090 1172 2176; x_wconf 87' lang='lat' dir='ltr'><strong>quia</strong></span> <span class='ocrx_word' id='word_1_90' title='bbox 1209 2090 1331 2155; x_wconf 83' lang='lat' dir='ltr'><strong>frustra</strong></span> 
     </span>
     <span class='ocr_line' id='line_1_14' title="bbox 283 2190 1330 2279; baseline 0.004 -26"><span class='ocrx_word' id='word_1_91' title='bbox 283 2190 453 2255; x_wconf 79' lang='lat' dir='ltr'><strong>contendit</strong></span> <span class='ocrx_word' id='word_1_92' title='bbox 472 2190 540 2255; x_wconf 80' lang='lat' dir='ltr'><strong>alia</strong></span> <span class='ocrx_word' id='word_1_93' title='bbox 561 2192 646 2257; x_wconf 85' lang='lat' dir='ltr'><strong>vitia</strong></span> <span class='ocrx_word' id='word_1_94' title='bbox 666 2191 850 2278; x_wconf 83' lang='lat' dir='ltr'><strong>subjugare,</strong></span> <span class='ocrx_word' id='word_1_95' title='bbox 866 2192 925 2279; x_wconf 90' lang='lat' dir='ltr'><strong>qui</strong></span> <span class='ocrx_word' id='word_1_96' title='bbox 947 2192 1059 2279; x_wconf 80' lang='lat' dir='ltr'><strong>gulam</strong></span> <span class='ocrx_word' id='word_1_97' title='bbox 1081 2197 1115 2259; x_wconf 86' lang='lat' dir='ltr'><strong>et</strong></span> <span class='ocrx_word' id='word_1_98' title='bbox 1137 2192 1330 2259; x_wconf 86' lang='lat' dir='ltr'><strong>ebrietatem</strong></span> 
     </span>
     <span class='ocr_line' id='line_1_15' title="bbox 283 2291 1331 2383; baseline 0.007 -29"><span class='ocrx_word' id='word_1_99' title='bbox 283 2311 350 2356; x_wconf 91' lang='lat' dir='ltr'><strong>non</strong></span> <span class='ocrx_word' id='word_1_100' title='bbox 370 2291 639 2377; x_wconf 83' lang='lat' dir='ltr'><strong>suppeditaverit,</strong></span> <span class='ocrx_word' id='word_1_101' title='bbox 661 2294 823 2381; x_wconf 83' lang='lat' dir='ltr'><strong>imprimis</strong></span> <span class='ocrx_word' id='word_1_102' title='bbox 855 2294 996 2359; x_wconf 89' lang='lat' dir='ltr'><strong>firmiter</strong></span> <span class='ocrx_word' id='word_1_103' title='bbox 1024 2294 1225 2383; x_wconf 83' lang='lat' dir='ltr'><strong>injungendo</strong></span> <span class='ocrx_word' id='word_1_104' title='bbox 1246 2318 1331 2382; x_wconf 87' lang='lat' dir='ltr'><strong>prae·</strong></span> 
     </span>
     <span class='ocr_line' id='line_1_16' title="bbox 282 2392 1460 2483; baseline 0.005 -26"><span class='ocrx_word' id='word_1_105' title='bbox 282 2392 429 2479; x_wconf 88' lang='lat' dir='ltr'><strong>cipimus,</strong></span> <span class='ocrx_word' id='word_1_106' title='bbox 451 2398 491 2458; x_wconf 93' lang='lat' dir='ltr'><strong>ut</strong></span> <span class='ocrx_word' id='word_1_107' title='bbox 512 2396 776 2481; x_wconf 81' lang='lat' dir='ltr'><strong>compotationes,</strong></span> <span class='ocrx_word' id='word_1_108' title='bbox 791 2416 865 2483; x_wconf 80' lang='lat' dir='ltr'><strong>quae</strong></span> <span class='ocrx_word' id='word_1_109' title='bbox 879 2396 980 2483; x_wconf 83' lang='lat' dir='ltr'><strong>vulgo</strong></span> <span class='ocrx_word' id='word_1_110' title='bbox 1001 2395 1158 2463; x_wconf 89' lang='lat' dir='ltr'><strong>dicuntur</strong></span> <span class='ocrx_word' id='word_1_111' title='bbox 1178 2396 1330 2479; x_wconf 79' lang='lat' dir='ltr'><strong>Scotules,</strong></span> <span class='ocrx_word' id='word_1_112' title='bbox 1344 2410 1460 2463; x_wconf 80' lang='lat' dir='ltr'><strong>Seoales.</strong></span> 
     </span>
     <span class='ocr_line' id='line_1_17' title="bbox 283 2496 1327 2588; baseline 0.005 -28"><span class='ocrx_word' id='word_1_113' title='bbox 283 2501 353 2561; x_wconf 79' lang='lat' dir='ltr'><strong>tum</strong></span> <span class='ocrx_word' id='word_1_114' title='bbox 373 2497 411 2561; x_wconf 90' lang='lat' dir='ltr'><strong>in</strong></span> <span class='ocrx_word' id='word_1_115' title='bbox 427 2496 570 2581; x_wconf 84' lang='lat' dir='ltr'><strong>synodis</strong></span> <span class='ocrx_word' id='word_1_116' title='bbox 600 2520 700 2583; x_wconf 85' lang='lat' dir='ltr'><strong>quam</strong></span> <span class='ocrx_word' id='word_1_117' title='bbox 732 2498 769 2565; x_wconf 92' lang='lat' dir='ltr'><strong>in</strong></span> <span class='ocrx_word' id='word_1_118' title='bbox 800 2499 953 2586; x_wconf 85' lang='lat' dir='ltr'><strong>capitulis</strong></span> <span class='ocrx_word' id='word_1_119' title='bbox 975 2500 1093 2565; x_wconf 88' lang='lat' dir='ltr'><strong>vestris</strong></span> <span class='ocrx_word' id='word_1_120' title='bbox 1119 2500 1327 2588; x_wconf 83' lang='lat' dir='ltr'><strong>prohibeatis,</strong></span> 
     </span>
     <span class='ocr_line' id='line_1_18' title="bbox 283 2599 1329 2687; baseline 0.006 -25"><span class='ocrx_word' id='word_1_121' title='bbox 283 2604 318 2663; x_wconf 87' lang='lat' dir='ltr'><strong>et</strong></span> <span class='ocrx_word' id='word_1_122' title='bbox 347 2621 406 2686; x_wconf 92' lang='lat' dir='ltr'><strong>per</strong></span> <span class='ocrx_word' id='word_1_123' title='bbox 436 2599 581 2687; x_wconf 85' lang='lat' dir='ltr'><strong>singulas</strong></span> <span class='ocrx_word' id='word_1_124' title='bbox 612 2602 761 2667; x_wconf 87' lang='lat' dir='ltr'><strong>ecclesias</strong></span> <span class='ocrx_word' id='word_1_125' title='bbox 790 2603 1114 2669; x_wconf 85' lang='lat' dir='ltr'><strong>archidiaconatuum</strong></span> <span class='ocrx_word' id='word_1_126' title='bbox 1145 2609 1329 2670; x_wconf 87' lang='lat' dir='ltr'><strong>vestrorum</strong></span> 
     </span>
     <span class='ocr_line' id='line_1_19' title="bbox 283 2702 1330 2792; baseline 0.005 -26"><span class='ocrx_word' id='word_1_127' title='bbox 283 2722 341 2788; x_wconf 87' lang='lat' dir='ltr'><strong>per</strong></span> <span class='ocrx_word' id='word_1_128' title='bbox 360 2702 506 2788; x_wconf 85' lang='lat' dir='ltr'><strong>singulos</strong></span> <span class='ocrx_word' id='word_1_129' title='bbox 527 2724 632 2767; x_wconf 84' lang='lat' dir='ltr'><strong>annos</strong></span> <span class='ocrx_word' id='word_1_130' title='bbox 653 2704 775 2790; x_wconf 89' lang='lat' dir='ltr'><strong>pluries</strong></span> <span class='ocrx_word' id='word_1_131' title='bbox 803 2705 970 2792; x_wconf 88' lang='lat' dir='ltr'><strong>prohiberi</strong></span> <span class='ocrx_word' id='word_1_132' title='bbox 999 2704 1137 2786; x_wconf 83' lang='lat' dir='ltr'><strong>facistis,</strong></span> <span class='ocrx_word' id='word_1_133' title='bbox 1160 2711 1194 2771; x_wconf 88' lang='lat' dir='ltr'><strong>et</strong></span> <span class='ocrx_word' id='word_1_134' title='bbox 1216 2712 1330 2771; x_wconf 86' lang='lat' dir='ltr'><strong>contra</strong></span> 
     </span>
     <span class='ocr_line' id='line_1_20' title="bbox 230 2803 1330 2895; baseline 0.006 -27"><span class='ocrx_word' id='word_1_135' title='bbox 230 2816 234 2823; x_wconf 85' lang='lat'>&#39;</span> <span class='ocrx_word' id='word_1_136' title='bbox 283 2803 518 2891; x_wconf 85' lang='lat' dir='ltr'><strong>prohibitiones</strong></span> <span class='ocrx_word' id='word_1_137' title='bbox 548 2806 703 2871; x_wconf 86' lang='lat' dir='ltr'><strong>canonice</strong></span> <span class='ocrx_word' id='word_1_138' title='bbox 734 2808 918 2893; x_wconf 83' lang='lat' dir='ltr'><strong>praemissas</strong></span> <span class='ocrx_word' id='word_1_139' title='bbox 953 2807 1066 2873; x_wconf 88' lang='lat' dir='ltr'><strong>venire</strong></span> <span class='ocrx_word' id='word_1_140' title='bbox 1097 2815 1330 2895; x_wconf 79' lang='lat' dir='ltr'><strong>praesumentes</strong></span> 
     </span>
     <span class='ocr_line' id='line_1_21' title="bbox 283 2906 1330 2996; baseline 0.006 -25"><span class='ocrx_word' id='word_1_141' title='bbox 283 2906 496 2972; x_wconf 84' lang='lat' dir='ltr'><strong>ecclesiastica</strong></span> <span class='ocrx_word' id='word_1_142' title='bbox 517 2928 653 2973; x_wconf 90' lang='lat' dir='ltr'><strong>censura</strong></span> <span class='ocrx_word' id='word_1_143' title='bbox 682 2909 901 2996; x_wconf 81' lang='lat' dir='ltr'><strong>compescatis,</strong></span> <span class='ocrx_word' id='word_1_144' title='bbox 924 2909 1204 2975; x_wconf 85' lang='lat' dir='ltr'><strong>animadversione</strong></span> <span class='ocrx_word' id='word_1_145' title='bbox 1234 2932 1330 2977; x_wconf 84' lang='lat' dir='ltr'><strong>cano-</strong></span> 
     </span>
     <span class='ocr_line' id='line_1_22' title="bbox 283 3009 1328 3100; baseline 0.005 -26"><span class='ocrx_word' id='word_1_146' title='bbox 283 3010 358 3075; x_wconf 79' lang='lat' dir='ltr'><strong>nice</strong></span> <span class='ocrx_word' id='word_1_147' title='bbox 389 3009 519 3076; x_wconf 87' lang='lat' dir='ltr'><strong>eosdem</strong></span> <span class='ocrx_word' id='word_1_148' title='bbox 552 3012 771 3099; x_wconf 80' lang='lat' dir='ltr'><strong>percellentes</strong></span> <span class='ocrx_word' id='word_1_149' title='bbox 816 3012 911 3079; x_wconf 86' lang='lat' dir='ltr'><strong>Sicut</strong></span> <span class='ocrx_word' id='word_1_150' title='bbox 945 3013 1033 3078; x_wconf 89' lang='lat' dir='ltr'><strong>enim</strong></span> <span class='ocrx_word' id='word_1_151' title='bbox 1065 3014 1221 3100; x_wconf 88' lang='lat' dir='ltr'><strong>scriptum</strong></span> <span class='ocrx_word' id='word_1_152' title='bbox 1256 3019 1328 3079; x_wconf 87' lang='lat' dir='ltr'><strong>est:</strong></span> 
     </span>
     <span class='ocr_line' id='line_1_23' title="bbox 291 3112 1443 3203; baseline 0.002 -24"><span class='ocrx_word' id='word_1_153' title='bbox 291 3112 433 3194; x_wconf 81' lang='lat' dir='ltr'><strong>Vinum,</strong></span> <span class='ocrx_word' id='word_1_154' title='bbox 463 3112 502 3178; x_wconf 89' lang='lat' dir='ltr'><strong>id</strong></span> <span class='ocrx_word' id='word_1_155' title='bbox 530 3120 590 3194; x_wconf 86' lang='lat' dir='ltr'><strong>est,</strong></span> <span class='ocrx_word' id='word_1_156' title='bbox 622 3135 718 3180; x_wconf 91' lang='lat' dir='ltr'><strong>omne</strong></span> <span class='ocrx_word' id='word_1_157' title='bbox 750 3116 839 3201; x_wconf 89' lang='lat' dir='ltr'><strong>quod</strong></span> <span class='ocrx_word' id='word_1_158' title='bbox 868 3115 1022 3196; x_wconf 85' lang='lat' dir='ltr'><strong>inebriat,</strong></span> <span class='ocrx_word' id='word_1_159' title='bbox 1053 3114 1203 3181; x_wconf 69' lang='lat' dir='ltr'><strong>multem</strong></span> <span class='ocrx_word' id='word_1_160' title='bbox 1232 3124 1443 3203; x_wconf 76' lang='lat' dir='ltr'><strong>potu-Eoum.</strong></span> 
     </span>
     <span class='ocr_line' id='line_1_24' title="bbox 284 3198 1469 3329; baseline 0.004 -48"><span class='ocrx_word' id='word_1_161' title='bbox 284 3222 369 3295; x_wconf 67' lang='lat' dir='ltr'><strong>teme,</strong></span> <span class='ocrx_word' id='word_1_162' title='bbox 390 3214 629 3283; x_wconf 68' lang='lat' dir='ltr'><strong>irritationem</strong></span> <span class='ocrx_word' id='word_1_163' title='bbox 658 3223 689 3282; x_wconf 86' lang='lat' dir='ltr'><strong>et</strong></span> <span class='ocrx_word' id='word_1_164' title='bbox 720 3216 824 3299; x_wconf 75' lang='lat' dir='ltr'><strong>irunt,</strong></span> <span class='ocrx_word' id='word_1_165' title='bbox 847 3223 879 3283; x_wconf 81' lang='lat' dir='ltr'><strong>et</strong></span> <span class='ocrx_word' id='word_1_166' title='bbox 911 3216 1038 3282; x_wconf 77' lang='lat' dir='ltr'><strong>ruinae</strong></span> <span class='ocrx_word' id='word_1_167' title='bbox 1061 3217 1189 3284; x_wconf 81' lang='lat' dir='ltr'><strong>multus</strong></span> <span class='ocrx_word' id='word_1_168' title='bbox 1214 3218 1305 3305; x_wconf 78' lang='lat' dir='ltr'><strong>fucit</strong></span> <span class='ocrx_word' id='word_1_169' title='bbox 1315 3244 1329 3299; x_wconf 90' lang='lat'><em>;</em></span> <span class='ocrx_word' id='word_1_170' title='bbox 1343 3198 1469 3329; x_wconf 43' lang='lat' dir='ltr'><strong>ffloffh</strong></span> 
     </span>
     <span class='ocr_line' id='line_1_25' title="bbox 285 3317 1329 3406; baseline 0.004 -23"><span class='ocrx_word' id='word_1_171' title='bbox 285 3317 562 3385; x_wconf 65' lang='lat' dir='ltr'><strong>emarcueram</strong></span> <span class='ocrx_word' id='word_1_172' title='bbox 598 3317 738 3400; x_wconf 73' lang='lat' dir='ltr'><strong>auimo,</strong></span> <span class='ocrx_word' id='word_1_173' title='bbox 770 3326 801 3385; x_wconf 84' lang='lat' dir='ltr'><strong>et</strong></span> <span class='ocrx_word' id='word_1_174' title='bbox 832 3318 1071 3405; x_wconf 79' lang='lat' dir='ltr'><strong>impudentem</strong></span> <span class='ocrx_word' id='word_1_175' title='bbox 1105 3319 1329 3406; x_wconf 79' lang='lat' dir='ltr'><strong>offensionem,</strong></span> 
     </span>
     <span class='ocr_line' id='line_1_26' title="bbox 284 3420 1407 3507; baseline 0.004 -21"><span class='ocrx_word' id='word_1_176' title='bbox 284 3421 467 3488; x_wconf 73' lang='lat' dir='ltr'><strong>briccorum</strong></span> <span class='ocrx_word' id='word_1_177' title='bbox 491 3421 661 3499; x_wconf 75' lang='lat' dir='ltr'><strong>uirtutem,</strong></span> <span class='ocrx_word' id='word_1_178' title='bbox 685 3428 714 3487; x_wconf 84' lang='lat' dir='ltr'><strong>et</strong></span> <span class='ocrx_word' id='word_1_179' title='bbox 735 3420 873 3507; x_wconf 75' lang='lat' dir='ltr'><strong>faciens</strong></span> <span class='ocrx_word' id='word_1_180' title='bbox 895 3421 1063 3502; x_wconf 57' lang='lat' dir='ltr'><strong>cuinam</strong></span> <span class='ocrx_word' id='word_1_181' title='bbox 1098 3424 1259 3490; x_wconf 83' lang='lat' dir='ltr'><strong>deformat</strong></span> <span class='ocrx_word' id='word_1_182' title='bbox 1281 3426 1331 3491; x_wconf 90' lang='lat' dir='ltr'><strong>in·</strong></span> <span class='ocrx_word' id='word_1_183' title='bbox 1402 3456 1407 3463; x_wconf 96' lang='lat'><strong>·</strong></span> 
     </span>
     <span class='ocr_line' id='line_1_27' title="bbox 284 3524 1332 3611; baseline 0.004 -22"><span class='ocrx_word' id='word_1_184' title='bbox 284 3546 381 3611; x_wconf 90' lang='lat' dir='ltr'><strong>super</strong></span> <span class='ocrx_word' id='word_1_185' title='bbox 410 3524 447 3589; x_wconf 92' lang='lat' dir='ltr'><strong>in</strong></span> <span class='ocrx_word' id='word_1_186' title='bbox 477 3524 609 3589; x_wconf 91' lang='lat' dir='ltr'><strong>homine</strong></span> <span class='ocrx_word' id='word_1_187' title='bbox 641 3524 705 3589; x_wconf 91' lang='lat' dir='ltr'><strong>Dei</strong></span> <span class='ocrx_word' id='word_1_188' title='bbox 734 3525 913 3611; x_wconf 85' lang='lat' dir='ltr'><strong>imaginem</strong></span> <span class='ocrx_word' id='word_1_189' title='bbox 945 3548 1042 3591; x_wconf 84' lang='lat' dir='ltr'><strong>nsum</strong></span> <span class='ocrx_word' id='word_1_190' title='bbox 1075 3526 1212 3592; x_wconf 89' lang='lat' dir='ltr'><strong>rationis</strong></span> <span class='ocrx_word' id='word_1_191' title='bbox 1242 3529 1332 3593; x_wconf 82' lang='lat' dir='ltr'><strong>anfe-</strong></span> 
     </span>
     <span class='ocr_line' id='line_1_28' title="bbox 284 3625 1330 3717; baseline 0.006 -26"><span class='ocrx_word' id='word_1_192' title='bbox 284 3628 394 3707; x_wconf 90' lang='lat' dir='ltr'><strong>rendo,</strong></span> <span class='ocrx_word' id='word_1_193' title='bbox 416 3628 501 3715; x_wconf 84' lang='lat' dir='ltr'><strong>ligat</strong></span> <span class='ocrx_word' id='word_1_194' title='bbox 522 3634 617 3693; x_wconf 87' lang='lat' dir='ltr'><strong>actus</strong></span> <span class='ocrx_word' id='word_1_195' title='bbox 648 3628 824 3705; x_wconf 84' lang='lat' dir='ltr'><strong>naturales,</strong></span> <span class='ocrx_word' id='word_1_196' title='bbox 848 3627 979 3693; x_wconf 88' lang='lat' dir='ltr'><strong>morbos</strong></span> <span class='ocrx_word' id='word_1_197' title='bbox 1002 3629 1129 3695; x_wconf 89' lang='lat' dir='ltr'><strong>inducit</strong></span> <span class='ocrx_word' id='word_1_198' title='bbox 1164 3625 1330 3717; x_wconf 86' lang='lat' dir='ltr'><strong>pessimos,</strong></span> 
     </span>
     <span class='ocr_line' id='line_1_29' title="bbox 283 3729 1331 3820; baseline 0.006 -25"><span class='ocrx_word' id='word_1_199' title='bbox 283 3731 389 3796; x_wconf 80' lang='lat' dir='ltr'><strong>vitum</strong></span> <span class='ocrx_word' id='word_1_200' title='bbox 408 3729 589 3810; x_wconf 87' lang='lat' dir='ltr'><strong>abbreviat,</strong></span> <span class='ocrx_word' id='word_1_201' title='bbox 604 3730 801 3817; x_wconf 86' lang='lat' dir='ltr'><strong>principium</strong></span> <span class='ocrx_word' id='word_1_202' title='bbox 823 3736 874 3795; x_wconf 89' lang='lat' dir='ltr'><strong>est</strong></span> <span class='ocrx_word' id='word_1_203' title='bbox 896 3733 1077 3817; x_wconf 81' lang='lat' dir='ltr'><strong>apostasiae,</strong></span> <span class='ocrx_word' id='word_1_204' title='bbox 1094 3733 1221 3820; x_wconf 83' lang='lat' dir='ltr'><strong>alisque</strong></span> <span class='ocrx_word' id='word_1_205' title='bbox 1243 3734 1331 3801; x_wconf 82' lang='lat' dir='ltr'><strong>maia</strong></span> 
     </span>
     <span class='ocr_line' id='line_1_30' title="bbox 282 3832 1331 3921; baseline 0.008 -25"><span class='ocrx_word' id='word_1_206' title='bbox 282 3839 430 3920; x_wconf 83' lang='lat' dir='ltr'><strong>procreat</strong></span> <span class='ocrx_word' id='word_1_207' title='bbox 454 3833 635 3899; x_wconf 84' lang='lat' dir='ltr'><strong>innumera</strong></span> <span class='ocrx_word' id='word_1_208' title='bbox 687 3832 743 3897; x_wconf 91' lang='lat' dir='ltr'><strong>Ad</strong></span> <span class='ocrx_word' id='word_1_209' title='bbox 768 3832 999 3920; x_wconf 81' lang='lat' dir='ltr'><strong>extirpandum</strong></span> <span class='ocrx_word' id='word_1_210' title='bbox 1028 3835 1132 3921; x_wconf 89' lang='lat' dir='ltr'><strong>igitur</strong></span> <span class='ocrx_word' id='word_1_211' title='bbox 1160 3841 1331 3903; x_wconf 86' lang='lat' dir='ltr'><strong>tantorum</strong></span> 
     </span>
     <span class='ocr_line' id='line_1_31' title="bbox 283 3935 1330 4025; baseline 0.006 -24"><span class='ocrx_word' id='word_1_212' title='bbox 283 3937 445 4003; x_wconf 84' lang='lat' dir='ltr'><strong>malorum</strong></span> <span class='ocrx_word' id='word_1_213' title='bbox 475 3935 620 4002; x_wconf 82' lang='lat' dir='ltr'><strong>radicem</strong></span> <span class='ocrx_word' id='word_1_214' title='bbox 653 3935 780 4001; x_wconf 85' lang='lat' dir='ltr'><strong>remissi</strong></span> <span class='ocrx_word' id='word_1_215' title='bbox 811 3957 880 4003; x_wconf 89' lang='lat' dir='ltr'><strong>esse</strong></span> <span class='ocrx_word' id='word_1_216' title='bbox 910 3957 977 4002; x_wconf 92' lang='lat' dir='ltr'><strong>non</strong></span> <span class='ocrx_word' id='word_1_217' title='bbox 1004 3938 1159 4005; x_wconf 88' lang='lat' dir='ltr'><strong>debemus</strong></span> <span class='ocrx_word' id='word_1_218' title='bbox 1191 3941 1250 4025; x_wconf 93' lang='lat' dir='ltr'><strong>qui</strong></span> <span class='ocrx_word' id='word_1_219' title='bbox 1287 3942 1330 4007; x_wconf 84' lang='lat' dir='ltr'><strong>ad</strong></span> 
     </span>
     <span class='ocr_line' id='line_1_32' title="bbox 284 4037 1328 4131; baseline 0.006 -27"><span class='ocrx_word' id='word_1_220' title='bbox 284 4038 472 4125; x_wconf 89' lang='lat' dir='ltr'><strong>hujusmodi</strong></span> <span class='ocrx_word' id='word_1_221' title='bbox 500 4038 707 4104; x_wconf 88' lang='lat' dir='ltr'><strong>evellendum</strong></span> <span class='ocrx_word' id='word_1_222' title='bbox 731 4037 784 4104; x_wconf 77' lang='lat' dir='ltr'><strong>et⁹</strong></span> <span class='ocrx_word' id='word_1_223' title='bbox 803 4038 1039 4105; x_wconf 86' lang='lat' dir='ltr'><strong>destruendum</strong></span> <span class='ocrx_word' id='word_1_224' title='bbox 1063 4041 1115 4106; x_wconf 79' lang='lat' dir='ltr'><strong>et⁸</strong></span> <span class='ocrx_word' id='word_1_225' title='bbox 1141 4043 1328 4131; x_wconf 90' lang='lat' dir='ltr'><strong>disperden-</strong></span> 
     </span>
     <span class='ocr_line' id='line_1_33' title="bbox 284 4140 1330 4228; baseline 0.007 -22"><span class='ocrx_word' id='word_1_226' title='bbox 284 4142 365 4206; x_wconf 89' lang='lat' dir='ltr'><strong>dum</strong></span> <span class='ocrx_word' id='word_1_227' title='bbox 408 4147 443 4207; x_wconf 90' lang='lat' dir='ltr'><strong>et</strong></span> <span class='ocrx_word' id='word_1_228' title='bbox 488 4140 715 4228; x_wconf 85' lang='lat' dir='ltr'><strong>dissipandum</strong></span> <span class='ocrx_word' id='word_1_229' title='bbox 760 4142 935 4208; x_wconf 85' lang='lat' dir='ltr'><strong>constituti</strong></span> <span class='ocrx_word' id='word_1_230' title='bbox 979 4164 1099 4210; x_wconf 89' lang='lat' dir='ltr'><strong>sumus.</strong></span> <span class='ocrx_word' id='word_1_231' title='bbox 1159 4146 1215 4211; x_wconf 90' lang='lat' dir='ltr'><strong>Ad</strong></span> <span class='ocrx_word' id='word_1_232' title='bbox 1259 4147 1330 4215; x_wconf 86' lang='lat' dir='ltr'><strong>haeo</strong></span> 
     </span>
     <span class='ocr_line' id='line_1_34' title="bbox 284 4242 1329 4338; baseline 0.005 -28"><span class='ocrx_word' id='word_1_233' title='bbox 284 4242 478 4310; x_wconf 76' lang='lat' dir='ltr'><strong>adicientes⁴</strong></span> <span class='ocrx_word' id='word_1_234' title='bbox 509 4244 727 4331; x_wconf 83' lang='lat' dir='ltr'><strong>praecipimus,</strong></span> <span class='ocrx_word' id='word_1_235' title='bbox 753 4249 794 4308; x_wconf 91' lang='lat' dir='ltr'><strong>ut</strong></span> <span class='ocrx_word' id='word_1_236' title='bbox 827 4244 1006 4310; x_wconf 88' lang='lat' dir='ltr'><strong>secundum</strong></span> <span class='ocrx_word' id='word_1_237' title='bbox 1041 4246 1179 4313; x_wconf 83' lang='lat' dir='ltr'><strong>formam</strong></span> <span class='ocrx_word' id='word_1_238' title='bbox 1217 4272 1329 4338; x_wconf 82' lang='lat' dir='ltr'><strong>supre-</strong></span> 
     </span>
    </p>
   </div>
   <div class='ocr_carea' id='block_1_4' title="bbox 285 4344 1330 4439">
    <p class='ocr_par' dir='ltr' id='par_1_4' title="bbox 285 4344 1330 4439">
     <span class='ocr_line' id='line_1_35' title="bbox 285 4344 1330 4439; baseline 0.006 -26"><span class='ocrx_word' id='word_1_239' title='bbox 285 4348 439 4435; x_wconf 86' lang='lat' dir='ltr'><strong>scriptam</strong></span> <span class='ocrx_word' id='word_1_240' title='bbox 461 4345 664 4433; x_wconf 79' lang='lat' dir='ltr'><strong>prohibeatis</strong></span> <span class='ocrx_word' id='word_1_241' title='bbox 684 4351 721 4411; x_wconf 89' lang='lat' dir='ltr'><strong>et</strong></span> <span class='ocrx_word' id='word_1_242' title='bbox 742 4344 906 4433; x_wconf 90' lang='lat' dir='ltr'><strong>prohiberi</strong></span> <span class='ocrx_word' id='word_1_243' title='bbox 931 4347 1069 4430; x_wconf 83' lang='lat' dir='ltr'><strong>faciatis,</strong></span> <span class='ocrx_word' id='word_1_244' title='bbox 1091 4357 1330 4439; x_wconf 87' lang='lat' dir='ltr'><strong>contemptores</strong></span> 
     </span>
    </p>
   </div>
   <div class='ocr_carea' id='block_1_5' title="bbox 318 4686 1284 4841">
    <p class='ocr_par' dir='ltr' id='par_1_5' title="bbox 318 4686 1284 4841">
     <span class='ocr_line' id='line_1_36' title="bbox 320 4686 1059 4757; baseline 0.011 -20"><span class='ocrx_word' id='word_1_245' title='bbox 320 4687 327 4717; x_wconf 91' lang='lat'>¹</span> <span class='ocrx_word' id='word_1_246' title='bbox 344 4686 494 4755; x_wconf 67' lang='grc' dir='ltr'><strong>ὢροηωει]</strong></span> <span class='ocrx_word' id='word_1_247' title='bbox 512 4688 735 4750; x_wconf 65' lang='lat' dir='ltr'><strong>oneraretis.</strong></span> <span class='ocrx_word' id='word_1_248' title='bbox 865 4691 926 4757; x_wconf 75' lang='grc' dir='ltr'><strong>ἐι]</strong></span> <span class='ocrx_word' id='word_1_249' title='bbox 945 4706 995 4743; x_wconf 90' lang='lat' dir='ltr'><strong>om.</strong></span> <span class='ocrx_word' id='word_1_250' title='bbox 1007 4692 1059 4745; x_wconf 77' lang='lat' dir='ltr'><strong>sid.</strong></span> 
     </span>
     <span class='ocr_line' id='line_1_37' title="bbox 318 4768 1284 4841; baseline 0.013 -22"><span class='ocrx_word' id='word_1_251' title='bbox 318 4768 380 4835; x_wconf 75' lang='lat' dir='ltr'><strong>&#39;etJ</strong></span> <span class='ocrx_word' id='word_1_252' title='bbox 398 4772 447 4819; x_wconf 81' lang='lat' dir='ltr'><strong>oin.</strong></span> <span class='ocrx_word' id='word_1_253' title='bbox 459 4768 512 4821; x_wconf 86' lang='lat' dir='ltr'><strong>Sid.</strong></span> <span class='ocrx_word' id='word_1_254' title='bbox 802 4808 810 4827; x_wconf 90' lang='grc'><strong><em>,</em></strong></span> <span class='ocrx_word' id='word_1_255' title='bbox 867 4772 874 4801; x_wconf 76' lang='lat'>⁸</span> <span class='ocrx_word' id='word_1_256' title='bbox 891 4770 1036 4840; x_wconf 69' lang='lat' dir='ltr'><strong>adicimus]</strong></span> <span class='ocrx_word' id='word_1_257' title='bbox 1054 4775 1174 4841; x_wconf 79' lang='lat' dir='ltr'><strong>sitientes,</strong></span> <span class='ocrx_word' id='word_1_258' title='bbox 1184 4778 1284 4832; x_wconf 79' lang='lat' dir='ltr'><strong>Brown.</strong></span> 
     </span>
    </p>
   </div>
   <div class='ocr_carea' id='block_1_6' title="bbox 0 0 1761 5784">
    <p class='ocr_par' dir='ltr' id='par_1_6' title="bbox 0 0 1761 5784">
     <span class='ocr_line' id='line_1_38' title="bbox 0 0 1761 5784; baseline 0 0"><span class='ocrx_word' id='word_1_259' title='bbox 0 0 1761 5784; x_wconf 95' lang='lat' dir='ltr'><strong> </strong></span> 
     </span>
    </p>
   </div>
  </div>
 </body>
</html>
