3500 5784
497 859 563 922 418
824 873 973 924 socnam
995 873 1224 924 onosssrrsrc

498 1047 704 1128 correctione,
727 1051 762 1114 et
784 1047 1014 1114 reformatione
1048 1049 1211 1136 repellere,
1236 1069 1311 1114 oum
1335 1046 1395 1112 his
1426 1041 1515 1108 fidei
1536 1045 1567 1105 ct

498 1169 626 1214 morum
637 1149 749 1216 unitas
771 1157 982 1218 conservetur
991 1149 1013 1232 ¹,
1035 1155 1253 1238 supportetur,
1276 1156 1312 1216 ct
1334 1143 1570 1216 defendatur?
1689 1220 1690 1251 1

544 1251 577 1316 N
579 1273 621 1318 ou
644 1251 748 1320 solum
771 1255 859 1319 enim
883 1255 1040 1336 oratione,
1061 1254 1302 1343 predicatione,
1325 1249 1568 1337 exemplorum
1689 1256 1690 1261 ’

499 1353 658 1420 bonorum
712 1357 907 1437 ostensione,
953 1361 988 1422 et
1043 1377 1207 1422 sacrorum
1262 1350 1569 1420 administratione

499 1456 622 1534 unitur,
639 1457 741 1544 viget,
766 1463 843 1533 stet,
868 1467 904 1526 et
925 1459 1112 1546 protegitur
1132 1459 1275 1538 missia,
1297 1456 1357 1522 sed
1378 1463 1423 1522 et
1447 1453 1569 1520 visits·

499 1559 596 1636 tione,
621 1559 824 1638 correctione,
849 1569 884 1628 et
906 1561 1144 1629 reformatione.
1189 1561 1273 1642 Qure
1294 1561 1361 1626 tria
1382 1557 1521 1624 ultima
1540 1556 1568 1620 si

498 1661 671 1740 defuerint,
710 1663 861 1750 uunquid
909 1665 1027 1730 civitae
1064 1665 1223 1730 unitionis
1271 1663 1333 1728 sub
1373 1681 1455 1726 una
1494 1658 1566 1745 lege

499 1761 624 1828 Christi
647 1765 844 1844 viventium,
866 1774 902 1832 et
924 1766 1076 1832 columna
1097 1765 1363 1855 supportationis,
1377 1769 1420 1830 et
1444 1783 1565 1828 murus

497 1863 695 1932 defensionis
717 1869 847 1954 plenem
870 1877 905 1934 et
933 1889 1050 1956 puram
1079 1869 1306 1956 integritatem
1326 1863 1566 1933 servabunt²f
1636 1909 1640 1918 .

499 1965 537 2031 Si
560 1965 630 2034 haec
652 1971 763 2035 omnia
785 1971 952 2038 salvandis
973 1972 1149 2038 animabus
1169 1977 1249 2037 sunt
1280 1969 1480 2049 necessaria,
1504 1987 1563 2031 eur

497 2069 734 2137 subtrahentur
754 2073 915 2161 episcopo,
938 2075 996 2160 qui
1018 2075 1117 2140 datus
1137 2079 1189 2139 est
1216 2073 1254 2139 in
1284 2073 1429 2140 salutem
1467 2068 1560 2135 omni

497 2173 627 2259 populo,
650 2172 725 2261 plus
747 2177 929 2262 posteriora
950 2197 1049 2262 quam
1070 2175 1202 2264 priora?

332 2279 466 2360 'Ite'com
542 2273 579 2338 Si
602 2275 691 2342 dicat
714 2278 788 2362 quis
810 2277 890 2364 quia
910 2279 1082 2345 commisse
1102 2285 1153 2344 est
1174 2276 1383 2343 inferioribus
1407 2273 1556 2364 praetrtis

331 2363 444 2478 3:an
497 2397 628 2442 suorum
676 2379 886 2446 subditorum
937 2381 1093 2446 correctio
1144 2385 1180 2447 et
1230 2381 1431 2460 reformatio,
1481 2377 1555 2442 ideo

329 2481 445 2532 infimis
496 2478 566 2546 hmo
602 2479 795 2548 adimuntur
832 2483 1004 2570 episcopo,
1039 2505 1116 2572 ergo
1146 2483 1260 2549 eedem
1299 2483 1441 2562 ratione,
1475 2479 1552 2565 quis

329 2563 478 2683 ffiffiss„
497 2583 703 2648 commissum
734 2589 785 2650 eat
814 2585 861 2650 eie
899 2607 1000 2664 orure,
1038 2585 1223 2673 predicare,
1261 2585 1415 2672 exempla
1456 2583 1551 2647 boare

328 2681 485 2750 uerutops
497 2687 755 2752 conversationis
777 2695 945 2774 praestare,
975 2694 1180 2755 sacramente
1201 2688 1417 2754 ecclesiastica
1439 2685 1550 2750 minis·

329 2763 419 2814 Μ’
497 2795 584 2854 trare
622 2789 742 2876 populo
780 2791 827 2855 eis
885 2788 1041 2876 subjecto,
1086 2792 1274 2858 adimentur
1325 2791 1395 2856 brec
1441 2785 1549 2854 omnia

496 2891 651 2978 episcopo.
697 2891 860 2958 Dominus
883 2898 995 2959 noster
1015 2893 1116 2960 Jcsus
1138 2893 1299 2971 Christus,
1326 2893 1421 2978 cujus
1443 2889 1547 2956 omnis

329 3005 382 3084 ps.
395 3005 450 3058 Per
495 2995 581 3060 actio
613 3000 728 3060 nostre
758 2999 808 3060 est
839 2995 936 3061 lectio
968 3003 1004 3060 et
1033 2997 1208 3062 instructio
1216 2995 1239 3074 ⁸,
1261 2997 1319 3081 qui
1346 2997 1544 3081 percusos,

327 3087 354 3121 ¹¹·
368 3077 407 3122 ²¹·
497 3093 594 3160 uobis
615 3095 813 3182 relinquens
835 3097 1027 3182 cccmpfom
1048 3105 1089 3164 ut
1110 3119 1294 3185 oequomm
1306 3095 1451 3181 vestigia
1468 3093 1542 3178 ejttt

328 3187 477 3304 {giss
498 3198 634 3264 mittens
657 3195 833 3285 discipulos
855 3199 898 3264 ad
921 3199 1163 3286 praedicendum
1200 3199 1296 3266 dedit
1325 3197 1402 3264 illis
1437 3194 1543 3262 etso-

327 3292 387 3397 ὦ
497 3305 563 3366 tem
600 3307 630 3366 ct
671 3307 867 3387 potestatem
911 3323 1015 3388 srcpcr
1058 3301 1181 3369 mursia
1216 3299 1398 3377 demonio
1435 3307 1467 3364 ot
1506 3302 1543 3362 ot

329 3415 474 3491 (tusst'sto
499 3399 680 3488 caepim
724 3411 908 3484 occurso&
953 3404 1012 3492 qui
1058 3403 1205 3490 inpressi
1249 3402 1444 3470 circrcr'hoot
1485 3421 1543 3487 per

327 3479 487 3600 fflffl'
501 3504 636 3570 castello
673 3504 941 3590 eooupelizontcs
978 3513 1010 3573 ct
1035 3514 1193 3572 curantes
1228 3505 1361 3592 utiquc,
1393 3504 1543 3591 subjectis

328 3613 383 3666 ss
451 3565 597 3673 'esiam
620 3607 684 3673 siu
715 3607 928 3676 demonibus
973 3607 1067 3675 uoec
1094 3609 1201 3696 igitur
1231 3607 1421 3694 hujusmodi
1442 3607 1544 3671 viss

496 3713 564 3774 tem
587 3715 621 3776 et
643 3714 842 3796 potestatem
867 3711 998 3778 dederit
1017 3711 1185 3798 discipulis
1207 3711 1363 3789 calcandi,
1386 3708 1542 3784 videlicet.

495 3831 592 3898 super
614 3815 780 3898 serpentes
802 3819 838 3877 et
859 3813 1046 3900 scorpiones
1067 3818 1103 3880 ct
1116 3835 1215 3900 super
1236 3834 1368 3880 omnem
1389 3812 1543 3877 virtutem

494 3913 631 3993 inimici,
654 3919 688 3980 et
714 3913 849 4002 insuper
870 3915 1014 4002 gratiam
1036 3917 1217 3982 curationis
1238 3921 1274 3982 et
1302 3915 1445 3980 officium
1467 3935 1544 4002 pne·

494 4013 676 4098 dicationis,
706 4015 855 4103 nunquid
887 4039 946 4104 per
968 4017 1030 4084 hoc
1059 4019 1129 4105 ipse
1151 4019 1285 4084 sibimet
1306 4017 1379 4084 brec
1407 4017 1545 4082 ademitf

495 4116 656 4206 Nunquid
688 4139 756 4184 non
789 4117 913 4206 legitur
935 4125 1052 4206 postca
1074 4125 1110 4186 et
1141 4120 1307 4188 demones
1340 4119 1482 4208 ejecisse,
1513 4123 1545 4184 et

692 4517 699 4548 ¹
717 4514 882 4583 merum]
895 4515 1065 4576 coustituetur,
1077 4511 1168 4566 000

692 4595 861 4662 marm]
889 4597 1060 4654 mabuntur,
1072 4592 1144 4644 'Prin
1157 4589 1256 4655 000,
1264 4591 1315 4645 0¹.

693 4675 859 4742 ἰὐϋιιοῐίο]
878 4673 1035 4737 mutatio,
1053 4671 1125 4725 Τῐὶη.
