3500 5784
459 864 525 927 214
781 877 928 926 nosnnrr
950 875 1180 926 enossnresrn

459 1049 647 1138 hujusmodi
680 1049 841 1115 cononicis
864 1047 1017 1116 obvient¹
1041 1049 1214 1130 institutis,
1245 1070 1345 1136 quem
1376 1072 1510 1118 excuso-

460 1156 584 1220 tionem
607 1175 714 1219 eornm
737 1153 907 1219 tremendo
933 1151 1059 1238 judicio
1085 1152 1257 1218 habebunt
1278 1152 1427 1241 episcopi,
1451 1154 1509 1239 qui

460 1257 512 1321 his
543 1278 601 1346 pro
632 1255 759 1320 viribus
790 1277 825 1320 se
855 1277 924 1320 non
957 1261 1138 1342 opponunt,
1161 1255 1344 1341 praesertim
1374 1278 1449 1321 cum
1474 1256 1510 1320 in

461 1357 756 1426 consecrationibus
777 1357 845 1423 suis
876 1357 1054 1424 solenniter
1075 1357 1295 1444 promiserunt
1316 1359 1511 1424 traditiones

463 1461 718 1527 orthodoxorum
749 1465 882 1546 petrum
916 1481 954 1524 ec
980 1459 1157 1526 decretales
1187 1464 1310 1526 sendus
1342 1465 1378 1525 et
1407 1460 1511 1547 Apos-

463 1563 569 1630 tolicae
592 1563 678 1628 sedis
700 1563 951 1628 constitutiones
982 1583 1017 1628 se
1047 1561 1269 1628 veneranter⁹
1290 1569 1505 1650 sucepturos,

466 1667 625 1744 docturos,
648 1669 748 1750 atque
770 1668 980 1731 servaturos?

296 1763 437 1882 {fflbge
511 1769 572 1834 Est
594 1774 628 1834 et
650 1767 739 1832 eliud
762 1772 956 1854 usurpatum
979 1772 1014 1832 et
1027 1769 1189 1832 usitatum
1203 1768 1240 1830 in
1254 1787 1357 1854 regno
1379 1767 1511 1852 Angliae

297 1896 436 1948 ouurehof
466 1873 502 1936 in
523 1871 735 1936 violationem
757 1874 792 1936 et
814 1869 1068 1934 diminutionem
1093 1869 1257 1934 libertatis
1280 1869 1510 1946 ecclesiastices,

296 1964 437 2080 ffiffin
465 1973 618 2039 videlicet
648 1974 735 2058 quod
757 1973 820 2038 viri
852 1972 1066 2050 ecolesiestioi,
1089 1973 1281 2059 plerumque
1310 1993 1384 2038 oum
1410 1972 1511 2057 impe-

298 2097 442 2161 injureoby
466 2082 584 2142 tuntur
605 2097 647 2140 ex
669 2077 780 2162 alique
801 2097 899 2142 censa
919 2077 955 2139 in
969 2075 1098 2140 notione
1119 2075 1290 2162 personali,
1321 2081 1356 2141 et
1370 2076 1513 2139 maxime

297 2163 433 2280 ffiffi
466 2201 504 2244 eo
538 2177 626 2263 quod
671 2177 826 2243 dicuntur
870 2177 1045 2262 quicquam
1080 2176 1194 2242 fecisse
1223 2182 1336 2242 eontra
1366 2181 1513 2243 tenorem

298 2243 454 2360 compellesg
467 2279 695 2369 prohibitionis
728 2279 826 2367 regico
857 2279 911 2343 vel
942 2278 1031 2365 regio
1061 2279 1219 2345 mandato
1250 2301 1318 2344 non
1347 2279 1513 2365 obtempe-

298 2363 447 2479 {fleffi‘es
467 2405 561 2461 resse,
600 2381 839 2467 compelluntur
875 2381 912 2448 in
948 2381 1010 2446 heo
1045 2387 1140 2467 perte
1173 2381 1299 2466 judicio
1335 2381 1444 2466 laicali
1480 2403 1515 2446 se

296 2495 432 2560 olayei·
468 2486 619 2553 subicere.
666 2484 760 2562 Sicut
781 2484 870 2548 enim
891 2483 965 2564 illo,
983 2505 1059 2569 quw
1081 2503 1223 2549 eorunm
1244 2490 1291 2550 est
1312 2483 1514 2562 Jeruwalens,

299 2563 396 2667 sunan.
468 2611 543 2676 qnos
563 2594 610 2654 est
632 2593 742 2653 omne
763 2592 883 2652 nostro
915 2586 952 2650 iu
985 2585 1072 2650 oaelis
1102 2586 1317 2672 triumphans,
1342 2584 1449 2652 libero
1469 2592 1514 2650 est

300 2655 454 2708 ΝΜ·
466 2695 614 2778 respectu
637 2690 706 2775 ejus
728 2709 802 2776 queo
825 2687 932 2752 sdhuo
953 2687 990 2752 in
1011 2689 1108 2753 terris
1129 2688 1273 2768 militet3
1296 2688 1342 2754 sic
1372 2693 1408 2753 et
1439 2709 1516 2774 pers

470 2794 540 2879 ejus
563 2814 637 2878 quoe
659 2792 695 2855 in
717 2791 814 2856 terris
840 2789 973 2870 militet,
1006 2790 1141 2855 collecte
1155 2813 1197 2855 ex
1214 2790 1366 2877 ‘personis
1388 2789 1515 2856 eeclesi-

467 2895 585 2973 asticis,
609 2895 712 2959 libere
734 2899 783 2958 est
806 2897 954 2978 respectu
987 2891 1056 2978 ejus
1079 2893 1183 2978 pertis
1205 2915 1278 2979 quae
1300 2893 1435 2960 collecte
1464 2898 1516 2958 est

468 3020 510 3064 ex
543 2996 697 3061 fidelibus
729 2995 844 3074 loicis3
866 2995 903 3059 in
933 2994 1026 3080 cujus
1049 2993 1212 3061 libertatis
1245 3002 1365 3083 typum
1388 2995 1516 3060 Pharao

469 3098 593 3164 dimisit
633 3097 776 3162 Abrshae
815 3097 947 3163 Sarrum
978 3117 1115 3163 uxorem
1151 3119 1245 3164 suem
1288 3099 1435 3180 liberem,
1480 3102 1516 3162 et

302 3221 365 3272 Gon.
379 3219 425 3272 zu.
469 3199 627 3287 precepit
671 3221 774 3285 super
807 3197 985 3264 Abrohom
1021 3198 1121 3280 uus,
1151 3208 1182 3266 et
1211 3199 1402 3267 eiecerunt
1437 3221 1517 3267 enm

302 3295 341 3339 ²⁰·
470 3310 499 3370 et
520 3323 660 3369 onmem
673 3299 775 3367 illius
797 3308 828 3367 et
849 3300 971 3367 onusto
991 3322 1067 3388 qooe
1087 3300 1223 3368 lutbebot
1245 3303 1287 3368 de
1309 3304 1450 3390 Egypto.
1473 3303 1516 3367 In

303 3414 448 3530 pluam.
468 3406 553 3470 libro
570 3425 700 3490 quoque
723 3403 985 3469 Mechubaeorum
1007 3403 1174 3470 decretum
1196 3411 1254 3484 est,
1271 3409 1310 3471 ut
1324 3405 1518 3473 Jermanm

470 3507 516 3574 ut
553 3513 672 3572 coneto
707 3513 737 3572 et
769 3505 876 3572 libero
908 3528 987 3572 eum
1015 3505 1151 3592 finitum
1173 3506 1256 3573 uste.
1302 3508 1347 3573 Et
1369 3530 1444 3595 quoe
1465 3514 1516 3574 est

470 3609 651 3677 Jerusalem
678 3609 742 3674 nisi
774 3608 920 3674 collectio
951 3608 1097 3674 virorum
1135 3610 1422 3676 ecclesiastieorum
1458 3633 1518 3698 per

470 3710 778 3798 contemplationem
808 3716 844 3776 et
866 3712 1123 3797 segregationem
1153 3736 1174 3777 e
1204 3714 1352 3778 tumultu
1382 3714 1517 3779 seculari

470 3816 507 3880 in
528 3813 652 3880 visione
674 3814 763 3899 pacis
786 3814 1019 3878 existentiuml
1064 3813 1106 3878 In
1137 3814 1251 3881 eedem
1282 3837 1411 3903 quoque
1432 3816 1518 3880 libro

309 3939 452 3990 lnam.
470 3917 705 4002 subsequenter
737 3915 895 4001 scriptum
925 3921 983 3994 est,
1017 3914 1220 4004 Quieunque
1250 3918 1443 4004 eonfupertt
1474 3917 1519 3984 tn

305 4011 345 4055 4³·
471 4018 646 4106 temptent,
669 4015 760 4104 quod
783 4025 830 4084 eet
844 4017 1070 4099 Jerosolbnts
1091 4026 1122 4085 et
1142 4019 1187 4086 tn
1209 4020 1368 4088 omnibns
1381 4019 1518 4108 finibus

472 4120 572 4208 ejw,
595 4119 759 4187 obscenius
782 4119 854 4206 tupi
875 4120 919 4187 dn
944 4120 1043 4188 oront
1075 4121 1207 4207 reporto
1243 4122 1452 4203 dictitetur,
1488 4131 1519 4190 et

472 4223 642 4302 coniveres,
674 4243 748 4308 quur
786 4229 868 4289 sunt
906 4221 967 4305 οὑξ
1007 4221 1114 4290 libero
1144 4223 1267 4292 tabet.
1328 4225 1396 4306 Qui
1441 4248 1519 4292 vero

509 4571 515 4600 ¹
532 4569 639 4635 obvient]
658 4569 779 4630 obtinent,
791 4567 880 4621 ΘΟΕ.
1054 4571 1144 4638 'eun
1164 4587 1214 4623 om.
1224 4573 1316 4626 ΟΜ.

507 4650 517 4678 ²
534 4649 686 4713 venarier]
705 4655 854 4710 reverenter,
867 4647 972 4716 QGOY
1056 4651 1067 4681 ⁴
1082 4651 1118 4716 es]
1130 4651 1255 4713 einCCO.
1265 4653 1398 4717 Ors3ejun
1410 4655 1519 4724 (2002.
