3500 5784
675 863 852 916 neronom.

707 1133 829 1202 CXVI.

250 1315 445 1383 Venerabili
480 1316 524 1382 ia
555 1315 684 1385 Otraiato
714 1316 818 1386 Patri
861 1314 1029 1396 Woltero³‚
1068 1313 1136 1378 Dei
1169 1312 1286 1397 pratia
1338 1322 1411 1368 Μὰ

331 1419 592 1506 archiepiscopo
628 1419 840 1499 Etorueoasi,
872 1417 1044 1496 Rooeaas,
1067 1414 1418 1482 miseratione-Walter

331 1520 456 1588 (bisunu
487 1520 743 1587 Ltuootaieasis
776 1519 916 1586 eostam
947 1497 1109 1584 minutal
1129 1516 1284 1599 tamdia,
1297 1496 1375 1564 ΘΜ·

331 1623 474 1690 suarem
496 1630 526 1690 et
550 1645 654 1712 prom
675 1623 823 1690 <labiim
845 1629 917 1688 tosta
939 1621 1091 1688 devotata
1112 1641 1191 1685 oumt
1212 1619 1285 1686 sia·

331 1747 406 1792 cero
427 1725 605 1794 dilectione
626 1725 857 1792 reverentiam.

288 1893 341 1959 Ex
377 1895 565 1962 obedientia
600 1896 790 1983 plerumque
812 1893 916 1960 faeere
947 1893 1094 1983 cogimur
1130 1895 1219 1982 quod
1251 1902 1427 1979 etfleobeys

245 2019 318 2062 eum
340 1997 478 2064 tristitia
499 1999 644 2080 facimus,
677 2003 807 2064 etcum
837 1997 966 2085 gaudio,
1001 1997 1029 2062 ai
1061 1997 1132 2063 fieri
1167 2004 1284 2085 posset,
1297 1979 1434 2096 &mid

245 2100 490 2166 omitteremus:
518 2101 577 2167 sed
610 2101 688 2187 quia
721 2099 822 2187 quusi
844 2106 1016 2186 peaataa
1038 2099 1220 2166 ariotuuda'
1241 2108 1435 2178 estbyurging

246 2223 444 2288 repugnare,
461 2217 491 2270 ot
505 2202 606 2290 quasi
620 2202 725 2270 saetas
739 2201 945 2268 tdoatatrtoe
957 2201 1047 2268 orello
1069 2179 1430 2310 adquiescere,{‚¹}2hff1}¹2's

246 2306 395 2372 omittere
433 2329 500 2372 non
533 2328 703 2394 possumus
737 2305 825 2392 quod
858 2329 879 2372 a
910 2305 1069 2392 superiori
1102 2306 1287 2392 injunctum
1299 2313 1409 2364 Yorkto

244 2407 405 2474 habemus.
451 2409 591 2475 Noverit
613 2410 723 2496 itaque
754 2413 865 2473 vestra
887 2409 1068 2494 paternitas
1101 2379 1452 2497 reverendaffflssJs
1524 2434 1527 2438 ·

245 2510 332 2595 quod
354 2511 505 2576 dominus
532 2511 622 2598 Papa
643 2510 680 2575 in
713 2531 841 2576 recessu
871 2516 983 2576 nostro
1017 2510 1060 2575 ab
1090 2511 1162 2598 ipso
1192 2511 1289 2577 nobis
1300 2512 1444 2592 uetiupp

244 2613 418 2679 affectuose
440 2619 475 2679 et
496 2613 633 2680 firmiter
654 2613 734 2678 viva
755 2634 833 2678 voce
855 2612 1011 2698 injmxie,
1027 2613 1117 2700 quod
1145 2636 1214 2693 nos,
1246 2636 1289 2680 ex
1300 2577 1331 2629 οἲ
1342 2579 1441 2631 Cema

244 2720 337 2802 parte
358 2715 462 2802 ipsius
484 2723 518 2782 et
540 2717 687 2781 omnium
716 2715 856 2780 fratrum
888 2737 1028 2794 suorum,
1052 2716 1289 2782 venerabilium
1301 2672 1394 2788 passm.
1415 2687 1456 2721 xv.
1521 2749 1526 2758 ·

245 2818 396 2884 videlieet
439 2824 570 2906 patrum
615 2818 822 2884 dominorum
859 2817 1082 2896 cardinalium,
1120 2840 1179 2884 vos
1215 2840 1290 2884 eum

246 2921 356 2987 omnia
398 2921 558 2987 instantia
602 2928 636 2988 et
681 2919 853 3008 diligentia
895 2941 1089 3009 rogaremus,
1135 2922 1292 3008 quatinus

245 3024 393 3089 caritatis
415 3023 542 3090 intuitu
565 3028 600 3090 et
621 3045 753 3110 preoum
784 3023 888 3108 ipsius
920 3028 955 3088 et
984 3022 1125 3088 fratrum
1158 3045 1288 3089 suorum

245 3125 391 3202 obtentu,
407 3127 576 3212 negotium
599 3125 724 3192 domini
740 3123 926 3190 Oeniensis
956 3123 1119 3212 episcopib
1141 3147 1215 3190 eum
1229 3143 1314 3190 sual
1327 3143 1458 3196 Johsnna

245 3227 437 3314 cognatione
483 3226 649 3293 exulantis
662 3225 683 3305 ¹,
721 3247 781 3312 pro
826 3247 891 3312 quo
927 3225 1022 3292 vobis
1059 3249 1135 3292 suas
1176 3226 1289 3292 literas
1299 3211 1431 3329 mm}

246 3330 367 3416 dirigit,
390 3329 618 3396 favorabiliter
643 3329 795 3416 expedire
817 3328 910 3394 velit'
983 3329 1054 3395 Nos
1075 3329 1188 3416 itaque
1210 3293 1401 3416 quiescenti,

245 3431 290 3497 ad
311 3454 453 3520 praesens
475 3439 619 3498 vestram
641 3431 851 3518 praesentium
873 3433 1088 3517 personaliter
1108 3433 1199 3498 adire
1220 3454 1289 3498 non
1302 3417 1457 3528 &¹²⁵4

245 3557 423 3622 possumus,
450 3535 606 3623 praesenti
636 3535 735 3600 litera
768 3555 866 3620 quam
899 3534 1094 3620 possumus⁹
1116 3535 1233 3601 devote
1255 3540 1289 3600 et
1301 3544 1414 3610 ughelli.

243 3639 416 3706 affectuose
437 3638 664 3725 supplicamus,
688 3636 844 3723 quatinus
866 3636 999 3724 pietatis
1017 3643 1136 3703 vestrae
1158 3639 1290 3718 visoera,
1302 3611 1441 3743 ξξιμῗζξ

245 3763 318 3827 quse
340 3762 437 3828 super
458 3739 595 3806 afflictos
619 3761 731 3806 omnes
752 3737 899 3826 gestatis,
923 3761 1020 3826 super
1041 3740 1168 3805 dietum
1189 3739 1292 3805 domi·

244 3865 325 3908 num
347 3844 554 3910 Cerviensem
577 3841 736 3908 afflictum
757 3845 792 3907 ot
813 3840 1024 3928 indigentem,
1048 3843 1158 3907 virum
1180 3842 1292 3930 magni

244 3945 424 4010 testimonii
462 3949 497 4010 et
534 3944 722 4010 reverenda
760 3943 902 4022 canitiei,
945 3944 1122 4010 elementer
1165 3945 1292 4032 aperire

244 4048 445 4134 dignemini;
476 4040 696 4134 seientespro
718 4052 807 4114 certo
838 4046 927 4132 quod
948 4046 1125 4112 admodum
1147 4047 1210 4112 erit
1231 4047 1292 4112 hoo

242 4149 374 4217 domino
390 4149 489 4237 Papae
510 4155 545 4214 et
567 4149 718 4214 omnibus
733 4147 891 4213 fratribus
904 4153 1038 4235 gratum
1055 4154 1089 4214 et
1104 4152 1291 4236 acceptum

243 4253 336 4318 etin
357 4251 476 4317 vestris
509 4252 650 4338 negotiis
683 4250 771 4338 apud
800 4251 889 4336 ipsos
920 4251 1132 4337 expediendis
1162 4247 1291 4316 favora-

245 4354 327 4420 biles
348 4359 383 4420 et
404 4353 564 4442 propitios
588 4350 688 4439 hujus
720 4352 769 4418 rei
802 4353 913 4438 gratia
945 4353 1074 4418 eosdem
1104 4353 1291 4419 invenietis

245 4457 365 4523 Valeat
386 4478 511 4543 semper
532 4457 568 4522 in
591 4455 733 4522 Domino
755 4460 869 4520 saneta
890 4456 1070 4541 paternitas
1091 4460 1209 4521 vestra

517 4667 525 4697 ¹
537 4665 672 4732 exulantis]
688 4665 831 4727 exultantis,
843 4665 932 4717 O.C.C.

513 4747 524 4777 ²
534 4747 651 4813 prasenti
668 4784 674 4796 .
692 4783 698 4796 .
717 4783 722 4796 .
736 4744 876 4812 mmmm]
885 4761 934 4796 om.
944 4745 1034 4798 (200.
