3500 5784
442 873 505 940 186
766 887 914 940 aoennrr
935 887 1166 940 ssossrrmrs

270 1071 415 1192 uamprlek
438 1067 509 1130 star
542 1065 620 1132 solis
658 1063 847 1132 universam
885 1069 1009 1132 terram
1051 1065 1259 1146 illustrantis,
1297 1085 1367 1130 suae
1403 1062 1486 1128 lucis

270 1141 342 1258 σὴψ
330 1155 375 1268 αξ
437 1167 546 1234 radios
568 1189 666 1256 super
688 1189 801 1234 omnes
823 1169 1020 1256 generaliter
1041 1167 1210 1251 diffirndit,
1237 1189 1335 1255 super
1363 1171 1485 1233 nostras

269 1273 408 1458 “hrpeiba'the
436 1271 613 1358 parvitatis
637 1271 876 1351 infirmitatem,
909 1271 969 1337 ut¹
993 1271 1171 1360 multiplici
1197 1270 1408 1359 pmbavimus
1431 1291 1487 1335 ex-

372 1373 772 1460 ιω,11111111111111111111
798 1373 948 1461 specialis
976 1373 1158 1440 affectionis
1186 1374 1381 1440 radiositste
1411 1393 1484 1458 gra·

268 1407 405 1530 1111111111ι
437 1474 517 1540 tiori
549 1475 680 1542 refulsit
713 1476 853 1563 amplius
884 1482 919 1542 et
952 1477 1096 1556 suavius,
1131 1476 1217 1543 sicut
1250 1477 1299 1541 sol
1333 1474 1483 1562 quasdam

437 1583 535 1646 terrm
560 1578 631 1645 locs
656 1577 836 1667 perlustrat
857 1583 893 1644 et
914 1579 1076 1657 confovet,
1099 1578 1228 1666 plenius
1250 1578 1376 1644 emissis
1406 1576 1484 1642 illuc

436 1681 546 1764 radiis,
570 1681 726 1748 directius
748 1685 783 1748 et
806 1681 946 1748 uberius
1003 1681 1138 1748 Accidit
1160 1686 1272 1747 autem
1294 1682 1484 1768 plerumque

313 1813 318 1824 ¹
435 1785 525 1870 quod
547 1788 644 1851 terras
666 1784 830 1871 particula
853 1805 954 1871 quam
979 1783 1029 1850 sol
1054 1783 1203 1864 irradiat,
1226 1783 1264 1848 in
1285 1804 1355 1850 suae
1376 1781 1485 1848 radio·

435 1887 544 1953 sitatis
581 1887 710 1953 virtute
747 1885 874 1973 aliquid
911 1887 1046 1953 exhalet
1082 1887 1235 1952 nubilum
1272 1885 1315 1952 de
1351 1885 1483 1972 propiis

434 1987 682 2068 tenebrositate,
714 1988 802 2076 quod
834 1993 948 2055 tamen
978 1990 1045 2055 cito
1076 1989 1238 2076 dissipent
1270 1989 1322 2054 vis
1353 1988 1482 2053 descen·

435 2091 544 2158 dentis
574 2091 709 2157 luminis
743 2097 778 2158 et
808 2091 892 2158 lenis
925 2113 1014 2158 aurae
1045 2091 1145 2157 flatus
1179 2091 1220 2157 de
1252 2091 1366 2156 eadem
1395 2095 1484 2155 terra

434 2193 598 2280 spirantis
644 2193 733 2260 Huic
755 2193 882 2280 aliquid
912 2193 1081 2260 consimile
1110 2193 1205 2259 nobis
1234 2191 1373 2272 accidit3
1405 2191 1483 2278 quia

433 2295 519 2361 sicut
542 2315 584 2361 ex
613 2299 728 2362 1111111
750 2295 851 2361 vestri
882 2295 1032 2362 dulciflui
1060 2296 1211 2382 rescripti
1241 2293 1482 2383 perpendimus,

432 2397 474 2464 de
496 2397 641 2464 tenebris
663 2397 864 2485 insipientiae
884 2404 1006 2464 nostrae
1028 2397 1065 2462 in
1087 2399 1218 2485 pagina,
1242 2419 1342 2484 quarn
1362 2402 1482 2463 vestrae

432 2501 601 2567 sanctitati
625 2499 813 2578 direximus,
846 2501 974 2588 aliquid
1003 2499 1173 2567 1111111111
1202 2501 1364 2582 nubilum,
1395 2498 1483 2586 quod

431 2607 545 2670 tannen
591 2603 816 2691 perstantibus
858 2603 895 2669 in
930 2625 990 2668 sus
1023 2603 1151 2670 virtute
1184 2603 1333 2670 caritatis
1362 2609 1483 2670 restrae

431 2705 539 2785 radiis,
586 2727 683 2794 super
727 2711 875 2772 nostram
920 2706 1119 2794 parvitatem
1167 2705 1300 2772 uberius
1344 2705 1481 2787 diffusis,

431 2809 604 2876 accedente
626 2807 801 2876 verborum
824 2807 924 2896 hujus
947 2809 1078 2896 paginas
1099 2813 1259 2896 tanquam
1281 2831 1370 2875 111111
1399 2808 1482 2875 lenis

432 2911 617 2998 spiramine,
653 2932 820 2998 speramus
846 2911 980 2998 penitus
1013 2911 1246 2998 dissipandum
1306 2911 1482 2978 Voluimus

432 3034 573 3100 namque
611 3013 647 3079 in
685 3013 824 3101 praefsts
854 3014 987 3101 pagina,
1021 3035 1121 3100 quam
1158 3013 1254 3079 vobis
1291 3015 1480 3092 direximus,

432 3115 636 3182 conditiones
658 3115 738 3182 boni
760 3117 901 3203 pastoris
923 3117 1069 3183 breviter
1084 3122 1227 3205 tangere,
1250 3121 1285 3184 et
1306 3118 1482 3184 incidimus

431 3217 467 3284 in
489 3217 573 3284 illud
587 3219 763 3306 poeticum,

902 3351 1054 3420 “Brevis
1076 3375 1146 3420 esse
1167 3353 1280 3420 laboro
1291 3351 1310 3378 ''
1331 3363 1366 3420 et

701 3461 720 3491 “
744 3455 915 3521 Obscurus
936 3453 1008 3520 fio.”

431 3606 516 3674 Cum
543 3605 633 3672 enim
659 3606 809 3673 doctrina
831 3612 867 3674 et
889 3609 1037 3694 operatio
1068 3610 1265 3696 generaliter
1290 3611 1482 3677 contineant

430 3730 505 3794 quse
527 3708 652 3774 bonum
675 3715 839 3795 pastorem
863 3709 1047 3796 perficiunt,
1071 3733 1112 3778 ea
1132 3734 1208 3798 qua
1238 3713 1409 3800 pertinent
1436 3714 1481 3780 sd

429 3809 624 3888 doctrinam,
647 3811 853 3896 aliquantum
878 3812 1029 3879 diffissius
1060 3817 1096 3880 et
1117 3813 1318 3882 luculentius
1350 3817 1479 3904 scripsi·

428 3934 521 3978 mus:
546 3933 621 3998 quae
643 3933 722 3977 vero
744 3913 787 3978 ad
809 3914 1032 4000 operationem
1063 3915 1218 3996 attinent,
1241 3917 1417 3985 brevitatis
1446 3923 1481 3984 et

430 4011 641 4080 obscuritatis
672 4013 786 4080 nubilo
818 4014 918 4080 nimis
952 4015 1148 4097 obteximus,
1172 4022 1214 4084 ut
1234 4020 1330 4106 quasi
1361 4021 1481 4088 omissa

428 4115 563 4182 omnino
585 4115 785 4197 viderentur,
810 4116 888 4182 licet
909 4123 1023 4184 nostra
1043 4120 1187 4188 intentio
1208 4121 1283 4208 plus
1313 4124 1414 4190 etiarn
1441 4124 1479 4189 in

429 4219 519 4286 diota
540 4219 662 4307 pagina
683 4220 766 4286 bene
789 4227 980 4308 operantem
1001 4221 1168 4308 quaesierit
1195 4245 1295 4311 quam
1325 4227 1479 4315 praeclare

428 4322 623 4402 docentem
645 4343 705 4387 uec
736 4321 912 4388 crediderit
934 4343 976 4402 se,
999 4323 1131 4410 qualem
1153 4347 1213 4392 vos
1233 4327 1417 4395 luculenter
1445 4337 1480 4396 et

428 4425 594 4512 eleganter
616 4423 811 4508 describitis,
828 4431 1019 4514 operantem
1042 4426 1177 4494 omnino
1191 4429 1328 4498 siluisse
1365 4431 1480 4499 Malle-

428 4549 502 4593 mus
525 4525 648 4614 utique,
671 4527 757 4594 11111
779 4534 815 4594 11
837 4549 898 4594 vos
923 4528 1029 4618 magis
1050 4529 1162 4610 vultis,
1185 4541 1349 4619 pastorem
1378 4535 1478 4602 utris-

845 4811 852 4842 ¹
870 4811 911 4878 us]
923 4819 957 4874 11,
968 4810 1056 4866 (1οΩ
