3500 5784
457 831 521 898 156
773 845 921 896 rossem
943 843 1172 896 osossrrrssrs

453 1019 568 1086 heret¹
608 1019 841 1086 humiditatem
871 1039 930 1085 seu
960 1040 1134 1100 mucorem,
1157 1017 1246 1084 unde
1268 1017 1428 1084 reddatur
1447 1016 1500 1082 vel

452 1121 558 1208 turpis
588 1127 724 1208 aspectu
760 1121 814 1188 vel
850 1121 966 1208 gustui
1009 1121 1245 1188 abominabilis
1311 1120 1500 1187 Sacerdotes

451 1229 562 1290 cutem
577 1222 813 1311 promptissimi
835 1225 905 1290 sint
927 1229 962 1290 et
983 1224 1190 1311 paratissimi,
1213 1245 1281 1289 non
1303 1223 1410 1290 solum
1432 1222 1498 1288 die

451 1326 512 1392 bus
543 1325 601 1392 sed
631 1331 666 1392 et
695 1326 855 1406 noctibus,
888 1331 929 1392 ut
949 1331 1157 1414 aegrotantes,
1180 1348 1255 1392 cum
1277 1327 1498 1412 requinrntur,

451 1429 607 1502 visitent;
638 1451 680 1494 ne
712 1451 824 1494 eorum
855 1429 1066 1516 negligentia,
1100 1428 1187 1516 quod
1222 1429 1317 1508 absit,
1340 1429 1499 1494 moriatur

451 1531 602 1596 infirmus
632 1531 702 1596 siue
736 1529 936 1598 confessione
967 1538 1027 1597 aut
1050 1531 1216 1596 Dominici
1249 1531 1391 1618 eorporis
1414 1551 1497 1596 com-

451 1633 606 1700 munione
618 1633 639 1712 ²,
672 1637 732 1699 out
764 1633 920 1698 unctione
946 1640 1101 1700 extrema.
1163 1633 1386 1720 Superoltaria
1421 1655 1497 1718 quo·

450 1758 514 1822 que
547 1737 615 1803 sint
646 1737 784 1802 honesta
814 1739 849 1801 et
881 1736 1090 1822 congruentis
1127 1736 1375 1824 magnitudinis,
1397 1734 1497 1800 firmi-

451 1845 565 1926 terque
587 1839 656 1904 fixe
670 1839 706 1904 in
729 1837 950 1904 circumdante
972 1838 1063 1926 liguo
1085 1845 1216 1905 utnon
1238 1843 1435 1905 moveantur
1455 1838 1496 1902 ab

317 2005 321 2018 ,
451 1941 530 2030 ipso,
553 1961 659 2028 neque
681 1947 881 2028 usurpentur
901 1939 946 2006 ad
967 1940 1048 2006 ahos
1070 1962 1149 2006 usus
1181 1963 1281 2028 quom
1306 1941 1350 2006 ed
1372 1941 1497 2004 divino-

451 2067 525 2110 rum
546 2044 805 2122 celebrationem,
828 2049 868 2110 ut
891 2041 1044 2110 videlieet
1066 2064 1132 2118 non
1156 2043 1321 2110 mennon
1342 2065 1440 2130 super
1462 2065 1500 2108 ea

451 2148 579 2226 colores,
602 2147 657 2212 vel
680 2146 747 2212 elia
778 2145 863 2212 finnt
886 2147 922 2210 in
945 2145 993 2212 eis
1022 2145 1209 2212 consimilis
1265 2146 1373 2212 Panni
1398 2145 1498 2211 etism

451 2250 638 2316 chrismales
669 2249 704 2314 in
733 2271 811 2314 usus
850 2247 1009 2314 seculares
1047 2270 1116 2313 non
1153 2255 1396 2314 convertantur.
1457 2247 1500 2312 In

452 2353 586 2420 ecclesie
616 2373 744 2439 quoque
775 2351 926 2416 divinum
953 2351 1117 2417 officium⁸
1147 2351 1275 2438 integre
1298 2353 1418 2417 liutet
1444 2351 1499 2415 de·

452 2461 551 2534 vote;
572 2461 612 2520 ut
637 2453 790 2520 videlicet
804 2453 969 2532 lectiones,
984 2454 1111 2539 hymni,
1138 2455 1264 2540 psalmi,
1287 2459 1322 2520 et
1345 2453 1412 2518 alio
1426 2475 1499 2538 quae

452 2560 488 2624 in
512 2558 575 2624 Dei
601 2557 731 2622 laudem
754 2556 936 2622 recitentur
961 2555 997 2622 in
1017 2556 1160 2636 ecelesia,
1176 2556 1340 2644 integram
1355 2555 1499 2620 hsbeeut

451 2661 626 2728 verborum
646 2659 867 2747 prolationem,
891 2657 1078 2744 mentisque
1100 2658 1145 2724 ad
1170 2681 1284 2725 sensus
1305 2657 1499 2724 verbomm⁴

452 2765 607 2830 devotum
638 2761 875 2840 attentionem
907 2781 958 2838 ne,
983 2762 1072 2846 quod
1095 2761 1194 2842 absit,
1224 2783 1283 2848 pro
1314 2761 1423 2827 hostis
1450 2761 1499 2824 in·

452 2873 545 2954 tegre
574 2872 609 2931 et
639 2865 718 2929 viva
747 2863 905 2930 offeratur
930 2863 1038 2928 hostio
1068 2863 1230 2944 mutilata,
1262 2859 1339 2930 vel⁵
1362 2869 1497 2928 mortua.

453 2969 576 3034 Omnes
602 2987 731 3054 quoque
757 2971 903 3052 pastores
927 2966 1111 3032 animarum
1134 2971 1170 3032 et
1198 2967 1380 3032 sacerdotes
1409 2987 1501 3052 paro-

452 3071 582 3148 chiales,
613 3067 719 3134 finitis
750 3069 786 3133 in
817 3068 950 3134 ecclesia
978 3067 1102 3134 divinis
1130 3068 1253 3148 officiis,
1294 3069 1437 3135 orationi
1465 3074 1501 3134 et

452 3171 584 3238 lectioni
615 3169 721 3238 Sacrae
753 3171 933 3256 Scripturas
963 3171 1139 3258 diligenter
1167 3171 1355 3252 intendant,
1379 3177 1420 3238 ut
1444 3193 1501 3258 per

451 3275 621 3362 scriptume
651 3273 915 3358 intelligentiam,
942 3273 1029 3339 siout
1057 3273 1101 3338 ed
1126 3295 1237 3340 eorum
1263 3276 1410 3362 pertinet
1432 3273 1502 3340 offi-

452 3377 548 3454 cium,
579 3377 687 3463 parati
717 3377 785 3440 sint
814 3395 941 3462 semper
967 3375 1011 3440 ad
1036 3375 1290 3444 satisfactionem
1316 3378 1407 3444 omni
1430 3400 1500 3466 pos

452 3479 539 3546 oenti
563 3478 722 3544 rationem
750 3478 789 3543 de
813 3499 869 3564 spe
897 3483 932 3543 et
958 3478 1047 3558 fide3
1078 3480 1210 3565 sintque
1235 3502 1362 3567 semper
1384 3481 1499 3547 inserti

452 3583 488 3648 in
511 3581 661 3648 doctrina
675 3585 709 3646 ct
736 3580 926 3667 operatione
948 3579 1127 3667 Scripturas
1151 3593 1310 3668 tanquam
1332 3590 1444 3650 vectes
1465 3583 1500 3647 in

452 3683 582 3750 annulis
609 3705 701 3763 erere,
729 3687 767 3748 ut
782 3681 916 3748 assidua
929 3681 1076 3761 lectione,
1100 3684 1207 3750 veluti
1231 3685 1396 3751 cotidiano
1421 3685 1500 3763 cibo,

452 3787 561 3853 alatur
591 3791 626 3852 et
655 3786 847 3872 pinguescat
877 3786 991 3850 oratio.
1037 3784 1239 3853 Provideant
1264 3789 1365 3854 etiam
1394 3794 1501 3854 atten-

452 3891 521 3956 tius
550 3888 756 3956 ecclesiarum
785 3893 926 3952 rectores
956 3893 991 3952 et
1019 3889 1203 3955 sacerdotes
1225 3890 1433 3976 parochiales,
1463 3895 1502 3956 ut

452 3991 545 4079 pueri
560 3991 786 4078 parochiarum
802 4011 935 4054 suarum
957 3989 1135 4078 diligenter
1150 3991 1329 4058 doceantur
1343 3998 1378 4059 et
1397 3994 1501 4060 sciant

453 4095 634 4161 orationem
662 4092 880 4173 Dominicam,
915 4098 951 4158 et
986 4093 1180 4180 symbolum,
1204 4101 1240 4162 et
1269 4095 1501 4162 salutationem

452 4197 558 4264 beatae
584 4195 740 4282 Virginis,
769 4200 803 4261 et
826 4194 931 4261 crucis
952 4196 1119 4283 signaculo
1142 4219 1177 4262 se
1202 4204 1290 4264 recte
1307 4199 1502 4286 consignare.

488 4469 495 4501 ¹
510 4467 673 4535 mentera]
683 4465 844 4527 eorrexerit,
853 4465 952 4522 C.C.C..
1035 4470 1046 4500 ⁸
1061 4470 1180 4538 efficias]
1199 4471 1337 4536 servitium,
1350 4473 1403 4524 Sid.

454 4551 504 4602 ω’
1037 4597 1046 4626 ⁶
1062 4595 1199 4662 certorum]
1217 4611 1267 4647 om.
1279 4596 1369 4648 000

487 4628 678 4696 ’ωιιπιιιιιίοκι]
715 4625 952 4687 communicatione,

454 4709 507 4764 sic.
1037 4716 1047 4745 ³
1064 4712 1114 4782 rel]
1130 4723 1164 4776 et,
1175 4712 1229 4766 Sid.
