<?xml version="1.0" encoding="UTF-8"?>
<!DOCTYPE html PUBLIC "-//W3C//DTD XHTML 1.0 Transitional//EN"
    "http://www.w3.org/TR/xhtml1/DTD/xhtml1-transitional.dtd">
<html xmlns="http://www.w3.org/1999/xhtml" xml:lang="en" lang="en">
 <head>
  <title>
</title>
<meta http-equiv="Content-Type" content="text/html;charset=utf-8" />
  <meta name='ocr-system' content='tesseract 3.04.00' />
  <meta name='ocr-capabilities' content='ocr_page ocr_carea ocr_par ocr_line ocrx_word'/>
</head>
<body>
  <div class='ocr_page' id='page_1' title='image "./robertigrossete00luargoog_0412.png"; bbox 0 0 3500 5784; ppageno 0'>
   <div class='ocr_carea' id='block_1_1' title="bbox 704 849 1316 916">
    <p class='ocr_par' dir='ltr' id='par_1_1' title="bbox 704 849 1316 916">
     <span class='ocr_line' id='line_1_1' title="bbox 704 849 1316 916; baseline 0.005 -3"><span class='ocrx_word' id='word_1_1' title='bbox 704 863 884 916; x_wconf 67' lang='lat' dir='ltr'><strong>misnens„</strong></span> <span class='ocrx_word' id='word_1_2' title='bbox 1251 849 1316 916; x_wconf 80' lang='lat'><strong>269</strong></span> 
     </span>
    </p>
   </div>
   <div class='ocr_carea' id='block_1_2' title="bbox 272 1037 1489 4502">
    <p class='ocr_par' dir='ltr' id='par_1_2' title="bbox 272 1037 1489 4502">
     <span class='ocr_line' id='line_1_2' title="bbox 319 1037 1479 1126; baseline -0.001 -24"><span class='ocrx_word' id='word_1_3' title='bbox 319 1037 402 1102; x_wconf 82' lang='lat' dir='ltr'><strong>Oum</strong></span> <span class='ocrx_word' id='word_1_4' title='bbox 424 1037 527 1124; x_wconf 84' lang='lat' dir='ltr'><strong>igitur</strong></span> <span class='ocrx_word' id='word_1_5' title='bbox 540 1037 761 1104; x_wconf 82' lang='lat' dir='ltr'><strong>ministerium</strong></span> <span class='ocrx_word' id='word_1_6' title='bbox 783 1062 870 1106; x_wconf 86' lang='lat' dir='ltr'><strong>curse</strong></span> <span class='ocrx_word' id='word_1_7' title='bbox 885 1037 1057 1126; x_wconf 86' lang='lat' dir='ltr'><strong>pastoralis</strong></span> <span class='ocrx_word' id='word_1_8' title='bbox 1072 1038 1224 1104; x_wconf 91' lang='lat' dir='ltr'><strong>omnibus</strong></span> <span class='ocrx_word' id='word_1_9' title='bbox 1246 1039 1318 1104; x_wconf 85' lang='lat' dir='ltr'><strong>aliis</strong></span> <span class='ocrx_word' id='word_1_10' title='bbox 1329 1048 1479 1103; x_wconf 76' lang='lat' dir='ltr'><strong>Heexhoru</strong></span> 
     </span>
     <span class='ocr_line' id='line_1_3' title="bbox 272 1118 1443 1235; baseline 0.003 -32"><span class='ocrx_word' id='word_1_11' title='bbox 272 1138 462 1204; x_wconf 85' lang='lat' dir='ltr'><strong>ministeriis</strong></span> <span class='ocrx_word' id='word_1_12' title='bbox 484 1140 530 1205; x_wconf 89' lang='lat' dir='ltr'><strong>sit</strong></span> <span class='ocrx_word' id='word_1_13' title='bbox 550 1141 772 1222; x_wconf 88' lang='lat' dir='ltr'><strong>excellentius,</strong></span> <span class='ocrx_word' id='word_1_14' title='bbox 794 1142 947 1223; x_wconf 91' lang='lat' dir='ltr'><strong>nobilius,</strong></span> <span class='ocrx_word' id='word_1_15' title='bbox 970 1141 1093 1219; x_wconf 91' lang='lat' dir='ltr'><strong>utilius,</strong></span> <span class='ocrx_word' id='word_1_16' title='bbox 1117 1163 1154 1206; x_wconf 86' lang='lat' dir='ltr'><strong>ae</strong></span> <span class='ocrx_word' id='word_1_17' title='bbox 1175 1141 1318 1206; x_wconf 83' lang='lat' dir='ltr'><strong>maxime</strong></span> <span class='ocrx_word' id='word_1_18' title='bbox 1330 1118 1443 1235; x_wconf 44' lang='lat' dir='ltr'><strong>‘7¹23ssss</strong></span> 
     </span>
     <span class='ocr_line' id='line_1_4' title="bbox 272 1242 1475 1331; baseline 0.003 -26"><span class='ocrx_word' id='word_1_19' title='bbox 272 1242 498 1324; x_wconf 87' lang='lat' dir='ltr'><strong>necessarium,</strong></span> <span class='ocrx_word' id='word_1_20' title='bbox 532 1243 652 1310; x_wconf 76' lang='lat' dir='ltr'>elector</span> <span class='ocrx_word' id='word_1_21' title='bbox 687 1243 843 1331; x_wconf 85' lang='lat' dir='ltr'><strong>pastoris¹</strong></span> <span class='ocrx_word' id='word_1_22' title='bbox 867 1245 1051 1310; x_wconf 87' lang='lat' dir='ltr'><strong>animarum</strong></span> <span class='ocrx_word' id='word_1_23' title='bbox 1074 1243 1225 1309; x_wconf 90' lang='lat' dir='ltr'><strong>omnibus</strong></span> <span class='ocrx_word' id='word_1_24' title='bbox 1256 1245 1475 1309; x_wconf 73' lang='lat' dir='ltr'><strong>eritMissenden</strong></span> 
     </span>
     <span class='ocr_line' id='line_1_5' title="bbox 272 1317 1487 1448; baseline 0.003 -41"><span class='ocrx_word' id='word_1_25' title='bbox 272 1342 426 1429; x_wconf 84' lang='lat' dir='ltr'><strong>iniquior,</strong></span> <span class='ocrx_word' id='word_1_26' title='bbox 457 1350 492 1409; x_wconf 75' lang='lat' dir='ltr'><strong>o</strong></span> <span class='ocrx_word' id='word_1_27' title='bbox 514 1343 594 1425; x_wconf 73' lang='lat' dir='ltr'><strong>neo,</strong></span> <span class='ocrx_word' id='word_1_28' title='bbox 628 1346 760 1432; x_wconf 53' lang='lat' dir='ltr'><strong>maus,</strong></span> <span class='ocrx_word' id='word_1_29' title='bbox 796 1352 831 1413; x_wconf 71' lang='lat' dir='ltr'><strong>ec</strong></span> <span class='ocrx_word' id='word_1_30' title='bbox 863 1346 1052 1412; x_wconf 74' lang='lat' dir='ltr'><strong>nomnibus</strong></span> <span class='ocrx_word' id='word_1_31' title='bbox 1086 1317 1487 1448; x_wconf 41' lang='lat' dir='ltr'><strong>domunculi&amp;</strong></span> 
     </span>
     <span class='ocr_line' id='line_1_6' title="bbox 274 1445 1463 1536; baseline 0.003 -26"><span class='ocrx_word' id='word_1_32' title='bbox 274 1445 333 1530; x_wconf 86' lang='lat' dir='ltr'><strong>qui</strong></span> <span class='ocrx_word' id='word_1_33' title='bbox 367 1449 531 1532; x_wconf 88' lang='lat' dir='ltr'><strong>pastorem</strong></span> <span class='ocrx_word' id='word_1_34' title='bbox 569 1447 664 1534; x_wconf 78' lang='lat' dir='ltr'><strong>eligit</strong></span> <span class='ocrx_word' id='word_1_35' title='bbox 707 1448 772 1514; x_wconf 88' lang='lat' dir='ltr'><strong>nisi</strong></span> <span class='ocrx_word' id='word_1_36' title='bbox 816 1470 914 1536; x_wconf 87' lang='lat' dir='ltr'><strong>quem</strong></span> <span class='ocrx_word' id='word_1_37' title='bbox 951 1447 994 1513; x_wconf 86' lang='lat' dir='ltr'><strong>ed</strong></span> <span class='ocrx_word' id='word_1_38' title='bbox 1031 1469 1116 1514; x_wconf 77' lang='lat' dir='ltr'><strong>curm</strong></span> <span class='ocrx_word' id='word_1_39' title='bbox 1148 1447 1320 1534; x_wconf 80' lang='lat' dir='ltr'><strong>pastoralis</strong></span> <span class='ocrx_word' id='word_1_40' title='bbox 1329 1451 1370 1501; x_wconf 79' lang='lat' dir='ltr'><strong>for</strong></span> <span class='ocrx_word' id='word_1_41' title='bbox 1380 1451 1463 1500; x_wconf 73' lang='lat' dir='ltr'><strong>susa.</strong></span> 
     </span>
     <span class='ocr_line' id='line_1_7' title="bbox 273 1530 1475 1664; baseline 0.002 -52"><span class='ocrx_word' id='word_1_42' title='bbox 273 1547 500 1627; x_wconf 83' lang='lat' dir='ltr'><strong>ministerium,</strong></span> <span class='ocrx_word' id='word_1_43' title='bbox 523 1554 685 1634; x_wconf 88' lang='lat' dir='ltr'><strong>quantum</strong></span> <span class='ocrx_word' id='word_1_44' title='bbox 707 1551 861 1636; x_wconf 88' lang='lat' dir='ltr'><strong>possibile</strong></span> <span class='ocrx_word' id='word_1_45' title='bbox 884 1555 934 1616; x_wconf 91' lang='lat' dir='ltr'><strong>est</strong></span> <span class='ocrx_word' id='word_1_46' title='bbox 955 1550 1109 1618; x_wconf 77' lang='lat' dir='ltr'><strong>humanm</strong></span> <span class='ocrx_word' id='word_1_47' title='bbox 1138 1549 1318 1637; x_wconf 83' lang='lat' dir='ltr'><strong>fragilitati,</strong></span> <span class='ocrx_word' id='word_1_48' title='bbox 1331 1530 1475 1664; x_wconf 39' lang='lat' dir='ltr'><strong>gfff?</strong></span> 
     </span>
     <span class='ocr_line' id='line_1_8' title="bbox 273 1651 1383 1739; baseline -0.001 -24"><span class='ocrx_word' id='word_1_49' title='bbox 273 1655 494 1736; x_wconf 81' lang='lat' dir='ltr'><strong>perscrutatus</strong></span> <span class='ocrx_word' id='word_1_50' title='bbox 514 1651 615 1717; x_wconf 80' lang='lat' dir='ltr'><strong>fisarit</strong></span> <span class='ocrx_word' id='word_1_51' title='bbox 636 1652 797 1720; x_wconf 79' lang='lat' dir='ltr'><strong>idoneum</strong></span> <span class='ocrx_word' id='word_1_52' title='bbox 845 1653 933 1734; x_wconf 80' lang='lat' dir='ltr'><strong>Quia</strong></span> <span class='ocrx_word' id='word_1_53' title='bbox 962 1653 1074 1739; x_wconf 82' lang='lat' dir='ltr'><strong>itaque</strong></span> <span class='ocrx_word' id='word_1_54' title='bbox 1106 1652 1142 1716; x_wconf 90' lang='lat' dir='ltr'><strong>in</strong></span> <span class='ocrx_word' id='word_1_55' title='bbox 1164 1652 1383 1718; x_wconf 72' lang='lat' dir='ltr'><strong>electionem</strong></span> 
     </span>
     <span class='ocr_line' id='line_1_9' title="bbox 273 1730 1447 1841; baseline 0.001 -24"><span class='ocrx_word' id='word_1_56' title='bbox 273 1751 421 1838; x_wconf 88' lang='lat' dir='ltr'><strong>pastoris,</strong></span> <span class='ocrx_word' id='word_1_57' title='bbox 443 1751 508 1819; x_wconf 75' lang='lat' dir='ltr'><strong>ut²</strong></span> <span class='ocrx_word' id='word_1_58' title='bbox 524 1754 596 1838; x_wconf 88' lang='lat' dir='ltr'><strong>jam</strong></span> <span class='ocrx_word' id='word_1_59' title='bbox 617 1754 824 1841; x_wconf 90' lang='lat' dir='ltr'><strong>perspicuum</strong></span> <span class='ocrx_word' id='word_1_60' title='bbox 846 1760 906 1836; x_wconf 86' lang='lat' dir='ltr'><strong>est,</strong></span> <span class='ocrx_word' id='word_1_61' title='bbox 922 1754 1190 1841; x_wconf 86' lang='lat' dir='ltr'><strong>periculosissime</strong></span> <span class='ocrx_word' id='word_1_62' title='bbox 1212 1754 1321 1840; x_wconf 87' lang='lat' dir='ltr'><strong>quoad</strong></span> <span class='ocrx_word' id='word_1_63' title='bbox 1332 1730 1447 1796; x_wconf 50' lang='lat' dir='ltr'><strong>dm]</strong></span> 
     </span>
     <span class='ocr_line' id='line_1_10' title="bbox 274 1855 1321 1942; baseline 0.002 -24"><span class='ocrx_word' id='word_1_64' title='bbox 274 1875 445 1939; x_wconf 77' lang='lat' dir='ltr'><strong>personam</strong></span> <span class='ocrx_word' id='word_1_65' title='bbox 489 1855 674 1942; x_wconf 77' lang='lat' dir='ltr'><strong>eligendam</strong></span> <span class='ocrx_word' id='word_1_66' title='bbox 711 1862 854 1936; x_wconf 86' lang='lat' dir='ltr'><strong>erratur,</strong></span> <span class='ocrx_word' id='word_1_67' title='bbox 889 1878 964 1922; x_wconf 90' lang='lat' dir='ltr'><strong>cum</strong></span> <span class='ocrx_word' id='word_1_68' title='bbox 1008 1855 1195 1942; x_wconf 91' lang='lat' dir='ltr'><strong>hujusmodi</strong></span> <span class='ocrx_word' id='word_1_69' title='bbox 1231 1877 1321 1921; x_wconf 85' lang='lat' dir='ltr'><strong>error</strong></span> 
     </span>
     <span class='ocr_line' id='line_1_11' title="bbox 274 1956 1321 2045; baseline 0.004 -25"><span class='ocrx_word' id='word_1_70' title='bbox 274 1956 446 2022; x_wconf 71' lang='lat' dir='ltr'><strong>electorem</strong></span> <span class='ocrx_word' id='word_1_71' title='bbox 491 1962 527 2023; x_wconf 92' lang='lat' dir='ltr'><strong>et</strong></span> <span class='ocrx_word' id='word_1_72' title='bbox 570 1958 712 2024; x_wconf 87' lang='lat' dir='ltr'><strong>electum</strong></span> <span class='ocrx_word' id='word_1_73' title='bbox 757 1958 854 2024; x_wconf 90' lang='lat' dir='ltr'><strong>simul</strong></span> <span class='ocrx_word' id='word_1_74' title='bbox 897 1979 972 2025; x_wconf 89' lang='lat' dir='ltr'><strong>cum</strong></span> <span class='ocrx_word' id='word_1_75' title='bbox 1011 1959 1164 2025; x_wconf 91' lang='lat' dir='ltr'><strong>omnibus</strong></span> <span class='ocrx_word' id='word_1_76' title='bbox 1201 1959 1321 2045; x_wconf 89' lang='lat' dir='ltr'><strong>quibus</strong></span> 
     </span>
     <span class='ocr_line' id='line_1_12' title="bbox 274 2059 1322 2148; baseline 0.002 -24"><span class='ocrx_word' id='word_1_77' title='bbox 274 2059 461 2145; x_wconf 87' lang='lat' dir='ltr'><strong>praeficitur,</strong></span> <span class='ocrx_word' id='word_1_78' title='bbox 484 2061 596 2126; x_wconf 79' lang='lat' dir='ltr'><strong>trahat</strong></span> <span class='ocrx_word' id='word_1_79' title='bbox 617 2061 653 2126; x_wconf 88' lang='lat' dir='ltr'><strong>in</strong></span> <span class='ocrx_word' id='word_1_80' title='bbox 674 2061 892 2142; x_wconf 68' lang='lat' dir='ltr'><strong>barathrum</strong></span> <span class='ocrx_word' id='word_1_81' title='bbox 914 2066 1034 2128; x_wconf 82' lang='lat' dir='ltr'><strong>vestroe</strong></span> <span class='ocrx_word' id='word_1_82' title='bbox 1055 2066 1168 2126; x_wconf 89' lang='lat' dir='ltr'><strong>autem</strong></span> <span class='ocrx_word' id='word_1_83' title='bbox 1190 2081 1322 2148; x_wconf 90' lang='lat' dir='ltr'><strong>congre-</strong></span> 
     </span>
     <span class='ocr_line' id='line_1_13' title="bbox 274 2161 1323 2250; baseline 0.004 -26"><span class='ocrx_word' id='word_1_84' title='bbox 274 2161 416 2246; x_wconf 88' lang='lat' dir='ltr'><strong>gationis</strong></span> <span class='ocrx_word' id='word_1_85' title='bbox 446 2162 557 2228; x_wconf 82' lang='lat' dir='ltr'><strong>unitas</strong></span> <span class='ocrx_word' id='word_1_86' title='bbox 587 2163 632 2228; x_wconf 91' lang='lat' dir='ltr'><strong>sit</strong></span> <span class='ocrx_word' id='word_1_87' title='bbox 662 2167 822 2250; x_wconf 87' lang='lat' dir='ltr'><strong>tanquam</strong></span> <span class='ocrx_word' id='word_1_88' title='bbox 843 2164 964 2229; x_wconf 88' lang='lat' dir='ltr'><strong>elector</strong></span> <span class='ocrx_word' id='word_1_89' title='bbox 984 2164 1123 2250; x_wconf 84' lang='lat' dir='ltr'><strong>pastoris</strong></span> <span class='ocrx_word' id='word_1_90' title='bbox 1145 2184 1240 2246; x_wconf 90' lang='lat' dir='ltr'><strong>unus,</strong></span> <span class='ocrx_word' id='word_1_91' title='bbox 1265 2185 1323 2228; x_wconf 91' lang='lat' dir='ltr'><strong>vos</strong></span> 
     </span>
     <span class='ocr_line' id='line_1_14' title="bbox 274 2264 1322 2352; baseline 0.002 -24"><span class='ocrx_word' id='word_1_92' title='bbox 274 2264 376 2352; x_wconf 77' lang='lat' dir='ltr'><strong>etiam</strong></span> <span class='ocrx_word' id='word_1_93' title='bbox 413 2264 487 2330; x_wconf 91' lang='lat' dir='ltr'><strong>sitis</strong></span> <span class='ocrx_word' id='word_1_94' title='bbox 524 2286 602 2331; x_wconf 87' lang='lat' dir='ltr'><strong>oves</strong></span> <span class='ocrx_word' id='word_1_95' title='bbox 639 2265 759 2351; x_wconf 89' lang='lat' dir='ltr'><strong>quibus</strong></span> <span class='ocrx_word' id='word_1_96' title='bbox 778 2270 908 2352; x_wconf 21' lang='lat' dir='ltr'><strong>,pastor</strong></span> <span class='ocrx_word' id='word_1_97' title='bbox 939 2269 989 2331; x_wconf 89' lang='lat' dir='ltr'><strong>est</strong></span> <span class='ocrx_word' id='word_1_98' title='bbox 1026 2265 1216 2352; x_wconf 87' lang='lat' dir='ltr'><strong>eligendus;</strong></span> <span class='ocrx_word' id='word_1_99' title='bbox 1253 2287 1322 2345; x_wconf 88' lang='lat' dir='ltr'><strong>nos,</strong></span> 
     </span>
     <span class='ocr_line' id='line_1_15' title="bbox 275 2367 1323 2455; baseline 0.002 -23"><span class='ocrx_word' id='word_1_100' title='bbox 275 2370 446 2452; x_wconf 83' lang='lat' dir='ltr'><strong>paternam</strong></span> <span class='ocrx_word' id='word_1_101' title='bbox 482 2368 523 2432; x_wconf 92' lang='lat' dir='ltr'><strong>de</strong></span> <span class='ocrx_word' id='word_1_102' title='bbox 567 2367 663 2434; x_wconf 84' lang='lat' dir='ltr'><strong>vobis</strong></span> <span class='ocrx_word' id='word_1_103' title='bbox 707 2373 857 2454; x_wconf 81' lang='lat' dir='ltr'><strong>gerentes</strong></span> <span class='ocrx_word' id='word_1_104' title='bbox 902 2367 1153 2450; x_wconf 83' lang='lat' dir='ltr'><strong>solicitudinem,</strong></span> <span class='ocrx_word' id='word_1_105' title='bbox 1182 2372 1323 2455; x_wconf 86' lang='lat' dir='ltr'><strong>patemo</strong></span> 
     </span>
     <span class='ocr_line' id='line_1_16' title="bbox 275 2468 1323 2556; baseline 0.002 -24"><span class='ocrx_word' id='word_1_106' title='bbox 275 2468 395 2533; x_wconf 86' lang='lat' dir='ltr'><strong>affectu</strong></span> <span class='ocrx_word' id='word_1_107' title='bbox 407 2489 469 2534; x_wconf 82' lang='lat' dir='ltr'><strong>vos</strong></span> <span class='ocrx_word' id='word_1_108' title='bbox 489 2491 649 2556; x_wconf 87' lang='lat' dir='ltr'><strong>rogamus,</strong></span> <span class='ocrx_word' id='word_1_109' title='bbox 665 2490 841 2549; x_wconf 86' lang='lat' dir='ltr'><strong>monemus,</strong></span> <span class='ocrx_word' id='word_1_110' title='bbox 857 2471 1076 2549; x_wconf 84' lang='lat' dir='ltr'><strong>exhortamur,</strong></span> <span class='ocrx_word' id='word_1_111' title='bbox 1099 2491 1145 2549; x_wconf 87' lang='lat' dir='ltr'><strong>ac,</strong></span> <span class='ocrx_word' id='word_1_112' title='bbox 1162 2476 1323 2555; x_wconf 88' lang='lat' dir='ltr'><strong>quantum</strong></span> 
     </span>
     <span class='ocr_line' id='line_1_17' title="bbox 276 2571 1323 2659; baseline -0.001 -22"><span class='ocrx_word' id='word_1_113' title='bbox 276 2591 455 2657; x_wconf 86' lang='lat' dir='ltr'><strong>possumus,</strong></span> <span class='ocrx_word' id='word_1_114' title='bbox 478 2571 689 2659; x_wconf 87' lang='lat' dir='ltr'><strong>injungimus,</strong></span> <span class='ocrx_word' id='word_1_115' title='bbox 712 2576 752 2636; x_wconf 90' lang='lat' dir='ltr'><strong>ut</strong></span> <span class='ocrx_word' id='word_1_116' title='bbox 783 2573 826 2638; x_wconf 89' lang='lat' dir='ltr'><strong>ad</strong></span> <span class='ocrx_word' id='word_1_117' title='bbox 856 2575 1021 2659; x_wconf 85' lang='lat' dir='ltr'><strong>pastorem</strong></span> <span class='ocrx_word' id='word_1_118' title='bbox 1052 2572 1207 2637; x_wconf 88' lang='lat' dir='ltr'><strong>idoneum</strong></span> <span class='ocrx_word' id='word_1_119' title='bbox 1228 2571 1323 2639; x_wconf 85' lang='lat' dir='ltr'><strong>vobis</strong></span> 
     </span>
     <span class='ocr_line' id='line_1_18' title="bbox 276 2672 1323 2762; baseline 0.003 -25"><span class='ocrx_word' id='word_1_120' title='bbox 276 2672 462 2760; x_wconf 89' lang='lat' dir='ltr'><strong>eligendum</strong></span> <span class='ocrx_word' id='word_1_121' title='bbox 483 2695 544 2760; x_wconf 89' lang='lat' dir='ltr'><strong>pro</strong></span> <span class='ocrx_word' id='word_1_122' title='bbox 565 2673 693 2739; x_wconf 82' lang='lat' dir='ltr'><strong>viribus</strong></span> <span class='ocrx_word' id='word_1_123' title='bbox 714 2675 834 2740; x_wconf 86' lang='lat' dir='ltr'><strong>vestris</strong></span> <span class='ocrx_word' id='word_1_124' title='bbox 864 2695 994 2740; x_wconf 90' lang='lat' dir='ltr'><strong>omnem</strong></span> <span class='ocrx_word' id='word_1_125' title='bbox 1017 2674 1189 2762; x_wconf 87' lang='lat' dir='ltr'><strong>apponatis</strong></span> <span class='ocrx_word' id='word_1_126' title='bbox 1211 2695 1323 2740; x_wconf 86' lang='lat' dir='ltr'><strong>curam</strong></span> 
     </span>
     <span class='ocr_line' id='line_1_19' title="bbox 277 2775 1321 2863; baseline 0.003 -25"><span class='ocrx_word' id='word_1_127' title='bbox 277 2780 311 2839; x_wconf 98' lang='lat' dir='ltr'><strong>et</strong></span> <span class='ocrx_word' id='word_1_128' title='bbox 348 2775 562 2861; x_wconf 78' lang='lat' dir='ltr'><strong>diligentiam,</strong></span> <span class='ocrx_word' id='word_1_129' title='bbox 599 2780 731 2842; x_wconf 86' lang='lat' dir='ltr'><strong>utentes</strong></span> <span class='ocrx_word' id='word_1_130' title='bbox 767 2776 804 2841; x_wconf 88' lang='lat' dir='ltr'><strong>in</strong></span> <span class='ocrx_word' id='word_1_131' title='bbox 840 2775 902 2842; x_wconf 88' lang='lat' dir='ltr'><strong>hac</strong></span> <span class='ocrx_word' id='word_1_132' title='bbox 938 2781 1032 2863; x_wconf 82' lang='lat' dir='ltr'><strong>parte</strong></span> <span class='ocrx_word' id='word_1_133' title='bbox 1069 2777 1209 2854; x_wconf 86' lang='lat' dir='ltr'><strong>consilio,</strong></span> <span class='ocrx_word' id='word_1_134' title='bbox 1254 2798 1321 2842; x_wconf 87' lang='lat' dir='ltr'><strong>non</strong></span> 
     </span>
     <span class='ocr_line' id='line_1_20' title="bbox 276 2877 1447 2966; baseline -0.003 -24"><span class='ocrx_word' id='word_1_135' title='bbox 276 2877 474 2964; x_wconf 85' lang='lat' dir='ltr'><strong>sapientium</strong></span> <span class='ocrx_word' id='word_1_136' title='bbox 495 2877 593 2965; x_wconf 90' lang='lat' dir='ltr'><strong>hujus</strong></span> <span class='ocrx_word' id='word_1_137' title='bbox 614 2877 721 2957; x_wconf 87' lang='lat' dir='ltr'><strong>seculi,</strong></span> <span class='ocrx_word' id='word_1_138' title='bbox 744 2900 883 2964; x_wconf 88' lang='lat' dir='ltr'><strong>quorum</strong></span> <span class='ocrx_word' id='word_1_139' title='bbox 905 2878 1081 2966; x_wconf 84' lang='lat' dir='ltr'><strong>prudentia</strong></span> <span class='ocrx_word' id='word_1_140' title='bbox 1102 2879 1191 2966; x_wconf 93' lang='lat' dir='ltr'><strong>apud</strong></span> <span class='ocrx_word' id='word_1_141' title='bbox 1213 2877 1322 2944; x_wconf 88' lang='lat' dir='ltr'><strong>Deum</strong></span> <span class='ocrx_word' id='word_1_142' title='bbox 1443 2925 1447 2938; x_wconf 74' lang='grc'>,</span> 
     </span>
     <span class='ocr_line' id='line_1_21' title="bbox 276 2979 1322 3070; baseline -0.001 -25"><span class='ocrx_word' id='word_1_143' title='bbox 276 2980 413 3066; x_wconf 90' lang='lat' dir='ltr'><strong>reproba</strong></span> <span class='ocrx_word' id='word_1_144' title='bbox 446 2984 480 3046; x_wconf 88' lang='lat' dir='ltr'><strong>et</strong></span> <span class='ocrx_word' id='word_1_145' title='bbox 510 2980 673 3066; x_wconf 88' lang='lat' dir='ltr'><strong>sapientia</strong></span> <span class='ocrx_word' id='word_1_146' title='bbox 705 2981 815 3059; x_wconf 83' lang='lat' dir='ltr'><strong>stulta,</strong></span> <span class='ocrx_word' id='word_1_147' title='bbox 854 2981 911 3045; x_wconf 89' lang='lat' dir='ltr'><strong>sed</strong></span> <span class='ocrx_word' id='word_1_148' title='bbox 937 2979 1068 3046; x_wconf 88' lang='lat' dir='ltr'><strong>illorum</strong></span> <span class='ocrx_word' id='word_1_149' title='bbox 1099 2981 1156 3066; x_wconf 92' lang='lat' dir='ltr'><strong>qui</strong></span> <span class='ocrx_word' id='word_1_150' title='bbox 1189 2981 1322 3070; x_wconf 91' lang='lat' dir='ltr'><strong>sapiunt</strong></span> 
     </span>
     <span class='ocr_line' id='line_1_22' title="bbox 276 3081 1489 3170; baseline 0.001 -23"><span class='ocrx_word' id='word_1_151' title='bbox 276 3081 397 3148; x_wconf 81' lang='lat' dir='ltr'><strong>Jesum</strong></span> <span class='ocrx_word' id='word_1_152' title='bbox 420 3081 603 3163; x_wconf 69' lang='lat' dir='ltr'><strong>Christum,</strong></span> <span class='ocrx_word' id='word_1_153' title='bbox 626 3087 783 3149; x_wconf 84' lang='lat' dir='ltr'><strong>aeternam</strong></span> <span class='ocrx_word' id='word_1_154' title='bbox 805 3083 909 3169; x_wconf 90' lang='lat' dir='ltr'><strong>patris</strong></span> <span class='ocrx_word' id='word_1_155' title='bbox 930 3083 1132 3170; x_wconf 88' lang='lat' dir='ltr'><strong>sapientiam,</strong></span> <span class='ocrx_word' id='word_1_156' title='bbox 1159 3087 1195 3149; x_wconf 89' lang='lat' dir='ltr'><strong>et</strong></span> <span class='ocrx_word' id='word_1_157' title='bbox 1216 3081 1489 3149; x_wconf 60' lang='lat' dir='ltr'><strong>Heracleaene.</strong></span> 
     </span>
     <span class='ocr_line' id='line_1_23' title="bbox 276 3183 1322 3273; baseline 0.001 -23"><span class='ocrx_word' id='word_1_158' title='bbox 276 3184 487 3271; x_wconf 68' lang='lat' dir='ltr'><strong>crumflaumc,</strong></span> <span class='ocrx_word' id='word_1_159' title='bbox 509 3186 701 3251; x_wconf 85' lang='lat' dir='ltr'><strong>invocantes</strong></span> <span class='ocrx_word' id='word_1_160' title='bbox 723 3207 851 3250; x_wconf 89' lang='lat' dir='ltr'><strong>summa</strong></span> <span class='ocrx_word' id='word_1_161' title='bbox 872 3183 1047 3251; x_wconf 87' lang='lat' dir='ltr'><strong>devotione</strong></span> <span class='ocrx_word' id='word_1_162' title='bbox 1078 3185 1180 3273; x_wconf 92' lang='lat' dir='ltr'><strong>ipsius</strong></span> <span class='ocrx_word' id='word_1_163' title='bbox 1205 3185 1322 3272; x_wconf 84' lang='lat' dir='ltr'><strong>gratiae</strong></span> 
     </span>
     <span class='ocr_line' id='line_1_24' title="bbox 277 3285 1323 3374; baseline 0.002 -23"><span class='ocrx_word' id='word_1_164' title='bbox 277 3285 553 3352; x_wconf 73' lang='lat' dir='ltr'><strong>illuminationem</strong></span> <span class='ocrx_word' id='word_1_165' title='bbox 596 3287 640 3353; x_wconf 90' lang='lat' dir='ltr'><strong>ad</strong></span> <span class='ocrx_word' id='word_1_166' title='bbox 683 3285 825 3374; x_wconf 86' lang='lat' dir='ltr'><strong>pastoris</strong></span> <span class='ocrx_word' id='word_1_167' title='bbox 868 3287 979 3352; x_wconf 90' lang='lat' dir='ltr'><strong>idonei</strong></span> <span class='ocrx_word' id='word_1_168' title='bbox 1024 3288 1240 3352; x_wconf 81' lang='lat' dir='ltr'><strong>ostensionem</strong></span> <span class='ocrx_word' id='word_1_169' title='bbox 1288 3292 1323 3353; x_wconf 91' lang='lat' dir='ltr'><strong>et</strong></span> 
     </span>
     <span class='ocr_line' id='line_1_25' title="bbox 276 3389 1322 3477; baseline 0.002 -23"><span class='ocrx_word' id='word_1_170' title='bbox 276 3389 554 3476; x_wconf 67' lang='lat' dir='ltr'><strong>assumptionem</strong></span> <span class='ocrx_word' id='word_1_171' title='bbox 587 3411 629 3455; x_wconf 91' lang='lat' dir='ltr'><strong>ne</strong></span> <span class='ocrx_word' id='word_1_172' title='bbox 661 3390 832 3476; x_wconf 86' lang='lat' dir='ltr'><strong>contingat</strong></span> <span class='ocrx_word' id='word_1_173' title='bbox 864 3410 924 3455; x_wconf 90' lang='lat' dir='ltr'><strong>vos</strong></span> <span class='ocrx_word' id='word_1_174' title='bbox 949 3394 1107 3477; x_wconf 77' lang='lat' dir='ltr'><strong>tanquam</strong></span> <span class='ocrx_word' id='word_1_175' title='bbox 1146 3411 1223 3456; x_wconf 88' lang='lat' dir='ltr'><strong>oves</strong></span> <span class='ocrx_word' id='word_1_176' title='bbox 1253 3391 1322 3456; x_wconf 90' lang='lat' dir='ltr'><strong>sine</strong></span> 
     </span>
     <span class='ocr_line' id='line_1_26' title="bbox 277 3491 1321 3580; baseline 0.001 -23"><span class='ocrx_word' id='word_1_177' title='bbox 277 3496 406 3578; x_wconf 81' lang='lat' dir='ltr'><strong>pastore</strong></span> <span class='ocrx_word' id='word_1_178' title='bbox 427 3513 486 3580; x_wconf 88' lang='lat' dir='ltr'><strong>per</strong></span> <span class='ocrx_word' id='word_1_179' title='bbox 507 3492 648 3579; x_wconf 87' lang='lat' dir='ltr'><strong>abrupto</strong></span> <span class='ocrx_word' id='word_1_180' title='bbox 662 3492 821 3557; x_wconf 85' lang='lat' dir='ltr'><strong>vitiorum</strong></span> <span class='ocrx_word' id='word_1_181' title='bbox 835 3512 942 3556; x_wconf 87' lang='lat' dir='ltr'><strong>errare</strong></span> <span class='ocrx_word' id='word_1_182' title='bbox 957 3495 992 3557; x_wconf 88' lang='lat' dir='ltr'><strong>et</strong></span> <span class='ocrx_word' id='word_1_183' title='bbox 1013 3491 1057 3557; x_wconf 90' lang='lat' dir='ltr'><strong>ad</strong></span> <span class='ocrx_word' id='word_1_184' title='bbox 1077 3491 1199 3558; x_wconf 88' lang='lat' dir='ltr'><strong>inferos</strong></span> <span class='ocrx_word' id='word_1_185' title='bbox 1220 3514 1321 3571; x_wconf 88' lang='lat' dir='ltr'><strong>ruere,</strong></span> 
     </span>
     <span class='ocr_line' id='line_1_27' title="bbox 277 3593 1323 3681; baseline 0.004 -25"><span class='ocrx_word' id='word_1_186' title='bbox 277 3594 388 3679; x_wconf 90' lang='lat' dir='ltr'><strong>ibique</strong></span> <span class='ocrx_word' id='word_1_187' title='bbox 424 3594 532 3660; x_wconf 89' lang='lat' dir='ltr'><strong>reatui</strong></span> <span class='ocrx_word' id='word_1_188' title='bbox 569 3593 736 3659; x_wconf 86' lang='lat' dir='ltr'><strong>electionis</strong></span> <span class='ocrx_word' id='word_1_189' title='bbox 773 3615 895 3680; x_wconf 79' lang='lat' dir='ltr'><strong>provee,</strong></span> <span class='ocrx_word' id='word_1_190' title='bbox 932 3615 970 3659; x_wconf 84' lang='lat' dir='ltr'><strong>sc</strong></span> <span class='ocrx_word' id='word_1_191' title='bbox 1014 3616 1072 3681; x_wconf 88' lang='lat' dir='ltr'><strong>per</strong></span> <span class='ocrx_word' id='word_1_192' title='bbox 1115 3593 1177 3660; x_wconf 89' lang='lat' dir='ltr'><strong>hoc</strong></span> <span class='ocrx_word' id='word_1_193' title='bbox 1208 3595 1323 3660; x_wconf 84' lang='lat' dir='ltr'><strong>moitis</strong></span> 
     </span>
     <span class='ocr_line' id='line_1_28' title="bbox 278 3695 1323 3784; baseline 0.002 -24"><span class='ocrx_word' id='word_1_194' title='bbox 278 3696 424 3784; x_wconf 71' lang='lat' dir='ltr'><strong>propria,</strong></span> <span class='ocrx_word' id='word_1_195' title='bbox 442 3718 562 3783; x_wconf 42' lang='lat' dir='ltr'><strong>,poenas</strong></span> <span class='ocrx_word' id='word_1_196' title='bbox 584 3695 712 3760; x_wconf 83' lang='lat' dir='ltr'><strong>debitas</strong></span> <span class='ocrx_word' id='word_1_197' title='bbox 733 3695 933 3762; x_wconf 83' lang='lat' dir='ltr'><strong>aeternaliter</strong></span> <span class='ocrx_word' id='word_1_198' title='bbox 954 3696 1085 3762; x_wconf 88' lang='lat' dir='ltr'><strong>solvere.</strong></span> <span class='ocrx_word' id='word_1_199' title='bbox 1131 3695 1323 3784; x_wconf 75' lang='lat' dir='ltr'><strong>Recogitate</strong></span> 
     </span>
     <span class='ocr_line' id='line_1_29' title="bbox 278 3796 1324 3886; baseline 0 -22"><span class='ocrx_word' id='word_1_200' title='bbox 278 3820 407 3886; x_wconf 88' lang='lat' dir='ltr'><strong>quoque</strong></span> <span class='ocrx_word' id='word_1_201' title='bbox 437 3821 537 3886; x_wconf 88' lang='lat' dir='ltr'><strong>quam</strong></span> <span class='ocrx_word' id='word_1_202' title='bbox 569 3796 743 3884; x_wconf 89' lang='lat' dir='ltr'><strong>indignum</strong></span> <span class='ocrx_word' id='word_1_203' title='bbox 773 3801 825 3863; x_wconf 91' lang='lat' dir='ltr'><strong>est</strong></span> <span class='ocrx_word' id='word_1_204' title='bbox 846 3803 966 3864; x_wconf 85' lang='lat' dir='ltr'><strong>vestrae</strong></span> <span class='ocrx_word' id='word_1_205' title='bbox 999 3797 1191 3884; x_wconf 81' lang='lat' dir='ltr'><strong>professioni</strong></span> <span class='ocrx_word' id='word_1_206' title='bbox 1223 3799 1324 3864; x_wconf 86' lang='lat' dir='ltr'><strong>etiam</strong></span> 
     </span>
     <span class='ocr_line' id='line_1_30' title="bbox 278 3898 1323 3988; baseline 0 -22"><span class='ocrx_word' id='word_1_207' title='bbox 278 3922 391 3988; x_wconf 88' lang='lat' dir='ltr'><strong>porcos</strong></span> <span class='ocrx_word' id='word_1_208' title='bbox 411 3906 540 3966; x_wconf 87' lang='lat' dir='ltr'><strong>vestros</strong></span> <span class='ocrx_word' id='word_1_209' title='bbox 561 3899 702 3987; x_wconf 88' lang='lat' dir='ltr'><strong>propriis</strong></span> <span class='ocrx_word' id='word_1_210' title='bbox 722 3898 894 3964; x_wconf 87' lang='lat' dir='ltr'><strong>animabus</strong></span> <span class='ocrx_word' id='word_1_211' title='bbox 908 3898 1070 3985; x_wconf 83' lang='lat' dir='ltr'><strong>praeferre,</strong></span> <span class='ocrx_word' id='word_1_212' title='bbox 1092 3901 1259 3987; x_wconf 79' lang='lat' dir='ltr'><strong>magisque</strong></span> <span class='ocrx_word' id='word_1_213' title='bbox 1282 3900 1323 3966; x_wconf 91' lang='lat' dir='ltr'><strong>de</strong></span> 
     </span>
     <span class='ocr_line' id='line_1_31' title="bbox 279 4001 1323 4090; baseline 0 -23"><span class='ocrx_word' id='word_1_214' title='bbox 279 4003 358 4090; x_wconf 90' lang='lat' dir='ltr'><strong>ipsis</strong></span> <span class='ocrx_word' id='word_1_215' title='bbox 391 4024 490 4090; x_wconf 92' lang='lat' dir='ltr'><strong>quam</strong></span> <span class='ocrx_word' id='word_1_216' title='bbox 523 4002 564 4067; x_wconf 91' lang='lat' dir='ltr'><strong>de</strong></span> <span class='ocrx_word' id='word_1_217' title='bbox 590 4001 754 4066; x_wconf 86' lang='lat' dir='ltr'><strong>vobismet</strong></span> <span class='ocrx_word' id='word_1_218' title='bbox 785 4022 905 4067; x_wconf 87' lang='lat' dir='ltr'><strong>curare.</strong></span> <span class='ocrx_word' id='word_1_219' title='bbox 951 4001 1078 4080; x_wconf 89' lang='lat' dir='ltr'><strong>Nonne,</strong></span> <span class='ocrx_word' id='word_1_220' title='bbox 1114 4023 1188 4068; x_wconf 88' lang='lat' dir='ltr'><strong>cum</strong></span> <span class='ocrx_word' id='word_1_221' title='bbox 1218 4003 1323 4089; x_wconf 87' lang='lat' dir='ltr'><strong>porcis</strong></span> 
     </span>
     <span class='ocr_line' id='line_1_32' title="bbox 279 4103 1323 4193; baseline -0.001 -23"><span class='ocrx_word' id='word_1_222' title='bbox 279 4105 396 4170; x_wconf 83' lang='lat' dir='ltr'><strong>vestris</strong></span> <span class='ocrx_word' id='word_1_223' title='bbox 427 4104 554 4170; x_wconf 87' lang='lat' dir='ltr'><strong>debetis</strong></span> <span class='ocrx_word' id='word_1_224' title='bbox 586 4103 757 4191; x_wconf 87' lang='lat' dir='ltr'><strong>providere</strong></span> <span class='ocrx_word' id='word_1_225' title='bbox 790 4103 832 4168; x_wconf 92' lang='lat' dir='ltr'><strong>de</strong></span> <span class='ocrx_word' id='word_1_226' title='bbox 862 4104 1003 4183; x_wconf 86' lang='lat' dir='ltr'><strong>custode,</strong></span> <span class='ocrx_word' id='word_1_227' title='bbox 1026 4126 1100 4170; x_wconf 89' lang='lat' dir='ltr'><strong>eum</strong></span> <span class='ocrx_word' id='word_1_228' title='bbox 1131 4106 1222 4171; x_wconf 90' lang='lat' dir='ltr'><strong>omni</strong></span> <span class='ocrx_word' id='word_1_229' title='bbox 1250 4127 1323 4193; x_wconf 87' lang='lat' dir='ltr'><strong>per-</strong></span> 
     </span>
     <span class='ocr_line' id='line_1_33' title="bbox 279 4204 1323 4293; baseline 0 -21"><span class='ocrx_word' id='word_1_230' title='bbox 279 4207 411 4293; x_wconf 87' lang='lat' dir='ltr'><strong>quiritis</strong></span> <span class='ocrx_word' id='word_1_231' title='bbox 442 4206 613 4293; x_wconf 85' lang='lat' dir='ltr'><strong>diligentia</strong></span> <span class='ocrx_word' id='word_1_232' title='bbox 639 4205 742 4272; x_wconf 87' lang='lat' dir='ltr'><strong>talem</strong></span> <span class='ocrx_word' id='word_1_233' title='bbox 772 4204 830 4291; x_wconf 91' lang='lat' dir='ltr'><strong>qui</strong></span> <span class='ocrx_word' id='word_1_234' title='bbox 860 4205 973 4292; x_wconf 87' lang='lat' dir='ltr'><strong>possit,</strong></span> <span class='ocrx_word' id='word_1_235' title='bbox 996 4204 1086 4288; x_wconf 88' lang='lat' dir='ltr'><strong>sciat,</strong></span> <span class='ocrx_word' id='word_1_236' title='bbox 1109 4211 1144 4272; x_wconf 90' lang='lat' dir='ltr'><strong>et</strong></span> <span class='ocrx_word' id='word_1_237' title='bbox 1166 4207 1247 4272; x_wconf 87' lang='lat' dir='ltr'><strong>velit</strong></span> <span class='ocrx_word' id='word_1_238' title='bbox 1269 4229 1323 4272; x_wconf 89' lang='lat' dir='ltr'><strong>eos</strong></span> 
     </span>
     <span class='ocr_line' id='line_1_34' title="bbox 278 4305 1323 4397; baseline -0.002 -23"><span class='ocrx_word' id='word_1_239' title='bbox 278 4311 315 4374; x_wconf 89' lang='lat' dir='ltr'><strong>in</strong></span> <span class='ocrx_word' id='word_1_240' title='bbox 346 4330 464 4397; x_wconf 85' lang='lat' dir='ltr'><strong>pascua</strong></span> <span class='ocrx_word' id='word_1_241' title='bbox 496 4308 560 4373; x_wconf 92' lang='lat' dir='ltr'><strong>sibi</strong></span> <span class='ocrx_word' id='word_1_242' title='bbox 592 4307 805 4394; x_wconf 88' lang='lat' dir='ltr'><strong>congruentia</strong></span> <span class='ocrx_word' id='word_1_243' title='bbox 837 4328 934 4372; x_wconf 89' lang='lat' dir='ltr'><strong>mane</strong></span> <span class='ocrx_word' id='word_1_244' title='bbox 966 4305 1109 4388; x_wconf 88' lang='lat' dir='ltr'><strong>educere,</strong></span> <span class='ocrx_word' id='word_1_245' title='bbox 1133 4313 1167 4373; x_wconf 91' lang='lat' dir='ltr'><strong>et</strong></span> <span class='ocrx_word' id='word_1_246' title='bbox 1193 4309 1229 4372; x_wconf 90' lang='lat' dir='ltr'><strong>in</strong></span> <span class='ocrx_word' id='word_1_247' title='bbox 1258 4309 1323 4373; x_wconf 92' lang='lat' dir='ltr'><strong>illis</strong></span> 
     </span>
     <span class='ocr_line' id='line_1_35' title="bbox 278 4407 1349 4502; baseline 0.004 -26"><span class='ocrx_word' id='word_1_248' title='bbox 278 4433 337 4502; x_wconf 85' lang='lat' dir='ltr'><strong>per</strong></span> <span class='ocrx_word' id='word_1_249' title='bbox 357 4412 442 4478; x_wconf 89' lang='lat' dir='ltr'><strong>diem</strong></span> <span class='ocrx_word' id='word_1_250' title='bbox 467 4431 605 4498; x_wconf 82' lang='lat' dir='ltr'><strong>pascere,</strong></span> <span class='ocrx_word' id='word_1_251' title='bbox 618 4432 639 4475; x_wconf 87' lang='lat' dir='ltr'><strong>a</strong></span> <span class='ocrx_word' id='word_1_252' title='bbox 660 4409 788 4475; x_wconf 85' lang='lat' dir='ltr'><strong>furibus</strong></span> <span class='ocrx_word' id='word_1_253' title='bbox 809 4412 845 4474; x_wconf 90' lang='lat' dir='ltr'><strong>et</strong></span> <span class='ocrx_word' id='word_1_254' title='bbox 858 4409 974 4475; x_wconf 87' lang='lat' dir='ltr'><strong>bestiis</strong></span> <span class='ocrx_word' id='word_1_255' title='bbox 995 4407 1135 4475; x_wconf 82' lang='lat' dir='ltr'><strong>intactos</strong></span> <span class='ocrx_word' id='word_1_256' title='bbox 1149 4413 1184 4476; x_wconf 90' lang='lat' dir='ltr'><strong>et</strong></span> <span class='ocrx_word' id='word_1_257' title='bbox 1205 4409 1349 4482; x_wconf 83' lang='lat' dir='ltr'><strong>illaesos.</strong></span> 
     </span>
    </p>
   </div>
   <div class='ocr_carea' id='block_1_3' title="bbox 314 4730 1075 4803">
    <p class='ocr_par' dir='ltr' id='par_1_3' title="bbox 314 4730 1075 4803">
     <span class='ocr_line' id='line_1_36' title="bbox 314 4730 1075 4803; baseline -0.001 -18"><span class='ocrx_word' id='word_1_258' title='bbox 314 4733 458 4803; x_wconf 49' lang='lat' dir='ltr'><strong>wasia]</strong></span> <span class='ocrx_word' id='word_1_259' title='bbox 476 4733 614 4800; x_wconf 63' lang='lat' dir='ltr'><strong>poloniis,</strong></span> <span class='ocrx_word' id='word_1_260' title='bbox 626 4731 733 4800; x_wconf 68' lang='lat' dir='ltr'><strong>ccc,</strong></span> <span class='ocrx_word' id='word_1_261' title='bbox 802 4730 809 4800; x_wconf 80' lang='grc' dir='ltr'>ι</span> <span class='ocrx_word' id='word_1_262' title='bbox 854 4731 922 4800; x_wconf 67' lang='grc' dir='ltr'><strong>ἀι]</strong></span> <span class='ocrx_word' id='word_1_263' title='bbox 940 4737 973 4794; x_wconf 76' lang='lat' dir='ltr'><strong>a</strong></span> <span class='ocrx_word' id='word_1_264' title='bbox 984 4731 1075 4786; x_wconf 85' lang='lat' dir='ltr'><strong>ccc.</strong></span> 
     </span>
    </p>
   </div>
   <div class='ocr_carea' id='block_1_4' title="bbox 0 0 1765 5784">
    <p class='ocr_par' dir='ltr' id='par_1_4' title="bbox 0 0 1765 5784">
     <span class='ocr_line' id='line_1_37' title="bbox 0 0 1765 5784; baseline 0 0"><span class='ocrx_word' id='word_1_265' title='bbox 0 0 1765 5784; x_wconf 95' lang='lat' dir='ltr'><strong> </strong></span> 
     </span>
    </p>
   </div>
  </div>
 </body>
</html>
