3500 5784
441 846 510 908 364
769 860 915 909 aoasnrr
939 860 1169 909 oaosssrssrn

440 1032 592 1100 inventas
621 1057 752 1121 quoque
783 1036 1002 1123 negligentias
1039 1040 1139 1122 atque
1173 1036 1319 1101 defectus
1341 1036 1495 1123 supplere

439 1140 539 1220 atqm
560 1143 670 1201 errata
691 1138 862 1223 corrigere,
899 1137 1082 1204 deformata
1116 1136 1407 1216 reformaremus
1442 1138 1496 1201 in·

440 1238 557 1303 choata
578 1261 779 1326 promovere,
795 1245 830 1305 et
844 1248 996 1326 promota
1018 1240 1062 1305 ad
1084 1241 1395 1305 consummationem
1416 1262 1495 1325 pro-

440 1338 564 1406 dueers.
611 1341 747 1428 Propter
761 1342 839 1420 haro,
856 1342 899 1407 ad
914 1342 1020 1407 instar
1034 1342 1201 1429 praedictas
1225 1342 1441 1407 ordinationis
1456 1343 1495 1407 in

275 1456 331 1505 Tne
342 1472 414 1520 pope,
442 1443 548 1507 veteri
571 1442 781 1509 Testamento
803 1445 907 1521 factas,
931 1446 1084 1509 dominus
1100 1445 1198 1531 Papa,
1215 1446 1272 1531 qui
1286 1451 1337 1511 est
1351 1446 1387 1509 in
1401 1445 1494 1509 omni

273 1523 343 1584 Μ’
443 1544 540 1610 domo
563 1544 699 1611 Domini
721 1546 929 1611 fidelissimus
952 1552 986 1611 et
1008 1548 1045 1612 in
1060 1548 1149 1612 omni
1170 1549 1290 1633 populo
1305 1548 1375 1633 ejus
1398 1548 1493 1612 velut

276 1656 430 1708 Numxiir.
444 1648 581 1731 Moyses,
606 1669 703 1733 quem
732 1648 950 1714 constituerat
978 1648 1138 1714 Dominus
1164 1672 1300 1715 seruum
1324 1649 1494 1715 serrantia

443 1748 542 1814 oaarra'
556 1748 656 1815 doato
665 1772 730 1815 mic
744 1750 993 1835 fidelissimam
1007 1757 1041 1816 et
1056 1751 1237 1837 principem
1252 1774 1348 1838 super
1362 1774 1492 1817 omnem

443 1852 600 1938 populum
623 1851 737 1916 suum¹
756 1852 983 1930 Israeliticum,
1000 1853 1241 1939 plenitudinem
1263 1854 1363 1918 habet
1385 1860 1495 1939 potes·

276 1963 405 2014 teci-10.
444 1956 525 2019 tatis
547 1977 650 2040 cuper·
679 1962 791 2041 pariles
824 1962 854 2020 et
877 1978 979 2041 anper·
1016 1977 1146 2041 repam·
1189 1961 1230 2021 nt
1250 1956 1364 2021 evellat
1385 1963 1415 2021 et
1437 1956 1494 2021 dc-

443 2064 554 2122 siraut
576 2064 608 2122 et
630 2056 806 2142 disperdat
832 2064 862 2124 et
893 2057 1035 2144 dissipet
1066 2064 1096 2123 et
1128 2058 1267 2144 ludificet
1295 2064 1325 2123 et
1352 2058 1496 2144 planisi.

444 2158 622 2245 Potestque
644 2159 686 2223 de
715 2182 775 2223 sua
807 2164 972 2246 potestate
1006 2166 1076 2225 taur
1107 2160 1360 2226 universitatum
1393 2182 1495 2246 quam

443 2261 658 2348 singulorum,
679 2265 751 2325 tarn
780 2262 941 2342 majorum
973 2284 1071 2348 quarn
1105 2262 1279 2341 minorum,
1300 2263 1427 2349 majora
1460 2268 1498 2327 et

444 2364 573 2427 minora
605 2364 739 2449 negotia
761 2364 874 2429 omnia
896 2364 1083 2448 dijudicare,
1116 2366 1307 2452 corrigenda
1339 2370 1374 2429 et
1395 2364 1499 2429 reior-

445 2466 567 2529 manda
582 2466 743 2551 corrigere
757 2472 793 2530 et
806 2467 991 2531 reformare.
1024 2466 1090 2531 sed
1105 2467 1182 2554 quia
1196 2490 1264 2565 praa
1279 2467 1498 2533 multitudine

445 2568 652 2634 subditorum
674 2568 763 2633 solus
789 2591 857 2633 non
887 2574 997 2655 potest
1027 2591 1086 2655 per
1119 2574 1238 2647 actum,
1272 2568 1359 2655 quod
1380 2574 1497 2634 tamen

444 2675 555 2757 potest
576 2692 636 2757 per
657 2675 864 2757 potestatem,
882 2693 965 2737 onus
980 2672 1211 2737 universorum
1234 2677 1269 2736 et
1291 2671 1498 2758 singulorum

445 2774 614 2850 sustinere,
648 2774 811 2859 assumpti
849 2779 929 2838 sunt
966 2773 1002 2837 in
1033 2780 1127 2861 parte
1160 2796 1228 2839 suae
1262 2774 1498 2840 sollicitudinis

278 2885 382 2962 motha
446 2874 655 2940 ecelesiarum
678 2875 817 2961 praelati,
841 2876 1002 2954 videlicet,
1027 2876 1176 2963 episcopi,
1200 2883 1240 2941 ut
1262 2878 1498 2963 participantes

279 2951 382 3015 ΜΨ
447 2977 489 3042 de
524 2998 592 3042 suae
614 2977 790 3063 potestatis
813 2977 1020 3064 plenitudine
1052 3000 1161 3043 secum
1193 2984 1382 3044 sustentent
1408 3001 1499 3044 ’onus

279 3018 433 3149 igidi?
446 3102 551 3155 suum,
573 3085 614 3144 ut
645 3078 753 3144 levius
786 3078 832 3144 sit
863 3081 903 3159 ei,
936 3080 1061 3167 partito
1093 3081 1129 3145 in
1160 3080 1241 3146 alios
1274 3104 1380 3161 onere,
1423 3102 1498 3168 per-

279 3165 365 3267 ffig
375 3160 425 3268 {id
447 3182 629 3265 fortiusque
662 3182 872 3268 compleatur,
914 3182 1001 3266 qnod
1033 3205 1131 3269 supra
1161 3183 1248 3249 vires
1278 3185 1377 3248 unius
1410 3178 1499 3250 esset

279 3282 416 3362 hisgmist-
447 3289 634 3370 peractum
660 3281 843 3369 complere;
865 3284 1039 3349 reservatis
1061 3285 1124 3350 sibi
1147 3286 1343 3371 quibusdam
1366 3286 1499 3372 majori·

279 3352 426 3415 mtJudges.
446 3387 516 3463 bus,
541 3408 615 3470 quae
637 3391 747 3471 potest
769 3386 839 3473 ipse
861 3388 956 3465 solus,
982 3394 1016 3451 et
1038 3387 1168 3471 quaeda
1190 3394 1353 3473 potestate
1375 3389 1498 3476 episco-

447 3487 512 3574 pali
536 3487 686 3551 derivata
707 3510 728 3552 a
750 3489 912 3573 potestate
935 3490 1112 3575 apostolica
1138 3490 1249 3555 nullus
1280 3498 1390 3577 potest
1412 3493 1498 3579 epis-

448 3610 555 3675 copus.
602 3589 676 3654 Hoc
699 3591 786 3653 enim
810 3590 917 3675 exigit
941 3589 1023 3655 ordo
1057 3592 1196 3657 rationis
1229 3598 1264 3657 et
1297 3598 1432 3672 naturae,
1458 3602 1498 3661 nt

447 3692 555 3757 virtus
575 3691 718 3756 influens
741 3692 814 3777 plus
837 3692 941 3780 possit
964 3716 1063 3778 quam
1077 3694 1236 3781 recipiens
1259 3694 1300 3759 de
1322 3696 1498 3763 influentia

447 3799 482 3859 et
504 3798 621 3879 potens
642 3794 746 3859 solum
769 3816 812 3859 ex
834 3796 977 3887 eoquod
998 3795 1040 3860 ab
1063 3796 1235 3861 influentia
1257 3799 1400 3885 recepit3
1422 3800 1498 3885 plus

447 3898 535 3961 enim
564 3901 703 3981 possunt
725 3896 889 3982 Seraphin
927 3898 1050 3982 quami
1086 3899 1264 3977 Cherubin,
1289 3906 1324 3965 et
1354 3901 1428 3987 plus
1460 3904 1496 3968 in

447 3998 663 4063 illuminando
695 4004 729 4063 et
768 3998 983 4065 calefaciendo
1013 4005 1123 4085 potest
1154 4001 1202 4065 sol
1237 4024 1335 4087 quarn
1369 4004 1498 4089 possint

280 4106 375 4183 Asine
448 4102 528 4165 luna
550 4099 603 4164 vel
635 4100 748 4179 stellae,
782 4124 856 4185 quae
894 4122 962 4166 non
994 4101 1105 4167 lucent
1136 4104 1200 4168 nisi
1234 4126 1255 4169 a
1288 4106 1377 4171 sole:
1413 4106 1500 4173 siout

280 4180 417 4289 ffiffoiss
448 4208 562 4267 autem
584 4202 737 4266 dominus
760 4203 849 4289 Papa
863 4224 897 4267 se
919 4204 1019 4269 habet
1040 4202 1083 4269 ad
1098 4206 1316 4272 universalem
1332 4209 1500 4275 ecelesiam

280 4304 421 4382 churenro
449 4304 486 4367 in
523 4304 698 4391 potestatis
729 4304 943 4390 plenitudine,
979 4306 1025 4370 sic
1061 4328 1096 4372 se
1129 4306 1231 4373 habet
1262 4310 1432 4397 episeopus
1462 4312 1500 4377 in

281 4372 377 4501 {51:²0⁰ss
383 4445 410 4488 ω
450 4410 614 4493 potestate
636 4412 771 4493 accepta
791 4430 812 4470 a
833 4412 999 4493 potestate
1021 4408 1198 4495 apostoliea
1232 4412 1274 4475 ad
1300 4434 1392 4479 suam
1416 4414 1499 4480 dioe-

280 4503 389 4621 mv?
450 4508 556 4584 eesim,
580 4528 655 4573 cum
678 4509 846 4595 episcopus
875 4510 922 4576 sic
953 4510 1058 4575 sitin
1091 4534 1150 4576 sua
1172 4512 1314 4593 dioeoesi,
1339 4521 1497 4602 tauquam

482 4730 490 4760 ¹
507 4730 589 4797 arum]
609 4745 657 4780 om.
671 4730 721 4782 Ox.
934 4732 939 4801 Ι
986 4736 997 4764 ²
1013 4735 1112 4798 C.C.C.‚
1125 4738 1174 4789 Ox.
1186 4737 1266 4789 insert
1273 4740 1360 4805 possit.
