3500 5784
667 849 847 900 ansanus.
1212 835 1278 906 407

278 1025 362 1091 Cum
376 1027 480 1114 igitur
495 1028 673 1115 episcopus,
688 1033 727 1092 at
742 1025 938 1114 predictum
953 1028 1012 1104 est,
1027 1026 1139 1112 patris,
1154 1025 1278 1104 motsie,
1304 1069 1310 1078 -

232 1133 266 1194 et
291 1129 438 1206 nutricis,
462 1135 610 1217 respectu
632 1130 778 1196 omnium
808 1149 895 1196 corne
924 1145 993 1194 suae
1026 1126 1277 1205 commissorum,

232 1231 337 1296 vicem
359 1231 517 1312 obtineat,
552 1233 632 1318 quid
663 1238 713 1298 est
746 1232 836 1318 quod
870 1231 986 1296 dicunt
1017 1230 1106 1315 quod
1132 1229 1176 1294 ad
1212 1227 1279 1316 epi-

232 1350 366 1420 scopum
388 1353 457 1399 non
482 1335 635 1420 pertinet,
661 1355 742 1420 quoe
764 1334 888 1400 viderit
922 1334 963 1398 de
997 1332 1176 1397 commissis
1209 1353 1278 1398 sous

232 1455 317 1501 curae
340 1436 377 1500 in
399 1437 513 1502 moitis
535 1443 667 1503 astemoe
700 1437 880 1524 perieulum
913 1455 948 1500 se
981 1436 1132 1521 proicere,
1176 1455 1277 1498 manu

231 1541 266 1602 et
287 1557 383 1624 opere
405 1538 593 1624 disciplinae,
627 1537 846 1626 correptionis,
870 1541 905 1603 et
927 1536 1130 1602 comestionis
1152 1537 1277 1601 ecclesi-

232 1639 343 1706 aesica
365 1663 386 1706 a
419 1642 535 1706 mortis
573 1641 716 1728 periculo
755 1641 887 1728 eripere,
921 1637 980 1704 sed
1014 1639 1118 1704 solum
1148 1639 1185 1702 in
1218 1636 1278 1702 heo

232 1747 334 1828 peste,
349 1746 390 1806 ut
403 1763 424 1807 a
439 1739 572 1808 custode
594 1743 679 1808 forte
700 1748 781 1808 tunc
806 1741 950 1818 absente,
977 1745 1037 1805 aut
1068 1740 1276 1818 dormitante,

232 1847 292 1909 aut
324 1845 511 1931 pigritante,
536 1848 595 1909 ant
626 1845 670 1910 ad
700 1845 760 1910 hoc
793 1844 984 1930 impotente,
1019 1842 1186 1928 eripiatur,
1222 1863 1278 1908 cx·

232 1951 369 2033 pectere,
386 1968 461 2012 eum
483 1945 609 2013 milies¹
632 1947 736 2034 possit
765 1965 846 2033 puer
875 1947 938 2010 sub
967 1945 1028 2011 has
1050 1944 1278 2031 expectatione

233 2048 386 2135 periisset

277 2151 343 2217 Sed
364 2151 449 2218 forte
472 2152 582 2217 dicent
616 2149 717 2217 medii
750 2151 880 2237 praelati
914 2151 1002 2215 inter
1034 2149 1221 2236 episcopum
1243 2153 1278 2214 et
1289 2169 1408 2220 Another

232 2253 415 2318 inferiomm
431 2255 552 2320 clerum
575 2258 609 2320 et
635 2249 800 2339 populum,
847 2252 981 2318 “Vocas
1014 2271 1075 2317 nos
1105 2250 1255 2317 custodes
1269 2236 1426 2352 ςξξξξζξῗῑ

231 2361 249 2390 “
272 2377 331 2420 noe
352 2377 464 2420 sumus
487 2361 603 2442 petrea,
627 2354 981 2433 matres,etnut1ices,
1004 2355 1090 2419 sicut
1111 2360 1145 2419 et
1167 2350 1234 2418 tu.''
1289 2369 1404 2419 insenos

277 2457 323 2522 Et
346 2459 419 2543 quis
440 2463 541 2544 neget
563 2457 624 2521 hoc
654 2477 721 2520 esse
743 2461 881 2521 verumt
926 2456 1013 2521 Sunt
1043 2457 1132 2522 enim
1165 2477 1277 2520 omnes
1290 2437 1395 2566 ffl&

232 2561 415 2626 animarum
437 2563 582 2646 pastores
604 2558 647 2622 ad
675 2579 744 2624 suoe
777 2579 862 2624 ourae
897 2559 1082 2624 commissos
1114 2559 1278 2623 dictorum
1292 2539 1411 2647 sc.‚liie

231 2663 402 2726 nominum
424 2661 568 2726 rationes
582 2665 739 2746 gerentes.
788 2659 856 2745 Ipsi
871 2661 1087 2724 nihilominus
1109 2657 1278 2726 inferiores
1290 2636 1333 2687 ‘¹¹⁰
1346 2635 1442 2702 ΜΨ·

231 2763 360 2849 praelati
383 2764 561 2828 existentes
584 2761 806 2849 episcoporum
829 2761 900 2839 filii,
932 2783 970 2827 ac
1003 2783 1061 2848 per
1082 2761 1142 2827 hoc
1163 2763 1192 2827 si
1213 2761 1278 2848 ipsi

233 2865 445 2952 disciplinam,
462 2865 719 2952 castigationem,
737 2863 981 2950 eorreptionem,
998 2868 1032 2928 et
1047 2864 1278 2931 correctionem
1307 2887 1315 2898 ·

233 2967 375 3054 episcopi
405 2967 574 3054 repellant,
609 2987 676 3032 non
706 2968 777 3034 veri
807 2967 877 3044 filii,
901 2972 941 3031 ut
972 2966 1097 3032 dictum
1129 2971 1187 3044 est,
1221 2967 1280 3033 sed

233 3070 383 3138 mutuas
420 3076 509 3136 suut.
554 3069 624 3134 Nec
661 3069 738 3154 quia
772 3068 815 3134 sd
846 3069 1015 3134 inferiores
1048 3073 1157 3155 patres
1191 3074 1277 3148 sunt,
1290 3092 1366 3156 Tmo,
1377 3094 1423 3146 1„st

233 3174 309 3238 ideo
342 3173 511 3260 episcopus
548 3193 614 3236 non
652 3175 703 3236 est
739 3176 834 3256 pater
865 3170 1052 3252 eorundem,
1087 3171 1144 3238 sed
1176 3161 1445 3259 magalim!m

232 3297 332 3362 quam
353 3275 403 3340 illi
436 3279 531 3362 pater
553 3279 609 3338 est.
654 3272 700 3338 nt
732 3293 894 3359 ponamus
923 3273 1191 3359 patremfamilias
1221 3275 1279 3360 qui
1288 3235 1386 3358 iffi
1395 3229 1446 3345 ,2¹:51

232 3379 318 3442 filios
339 3376 461 3442 habeat
490 3378 526 3442 in
557 3397 617 3442 sua
651 3376 754 3450 domo,
788 3381 822 3440 et
854 3375 905 3440 illi
927 3375 990 3440 filii
1023 3376 1108 3440 filios
1139 3397 1277 3462 quorum
1289 3359 1423 3490 {¹552ss

232 3481 379 3546 omnium
402 3501 512 3546 curam
541 3497 725 3564 supremam
756 3482 790 3543 et
822 3479 1000 3543 maximam
1021 3483 1115 3565 gerat
1137 3477 1278 3564 poteria·
1289 3489 1350 3544 hlm.

233 3583 340 3647 milies
351 3607 359 3662 3
382 3580 533 3666 nunquid
555 3581 642 3646 idem
664 3577 899 3667 paterfamiliae
920 3580 1100 3666 injuriatur
1121 3580 1279 3663 filiosuo,

232 3685 388 3751 sifilium
410 3685 472 3748 filii
495 3683 690 3770 disciplinet,
714 3683 859 3770 castiget,
883 3685 1047 3770 corripiet,
1065 3684 1221 3770 corrigat,
1245 3692 1280 3749 et

233 3789 394 3866 reformet,
433 3791 467 3852 et
504 3785 640 3852 tandem
676 3786 704 3850 ei
742 3807 762 3850 a
799 3786 915 3850 mortis
961 3785 1104 3874 periculo
1137 3785 1280 3853 liberetl

234 3889 404 3972 Quomodo
427 3889 563 3954 haberet
596 3887 729 3952 domum
763 3887 957 3966 ordinatam,
990 3893 1139 3975 essetque
1172 3895 1280 3976 pater·

233 3993 382 4072 familias,
405 3991 433 4055 si
456 4009 652 4076 quemquam
675 3989 715 4056 de
746 3987 871 4054 familia
900 4011 968 4054 non
1000 3997 1111 4078 posset
1142 3991 1279 4078 dirigere

233 4101 267 4162 et
289 4093 466 4180 corrigeret

278 4197 415 4283 Legitur
428 4198 465 4260 in
481 4195 599 4261 Genesi
614 4195 702 4281 quod
716 4213 789 4259 cum
805 4200 991 4280 peccassent
1004 4193 1103 4281 primi
1116 4199 1277 4282 parentes,
1290 4219 1354 4270 Gen.
1365 4218 1402 4270 iii

233 4305 268 4367 et
305 4299 529 4366 deambulavit
567 4297 656 4363 Deus
693 4298 730 4362 in
768 4292 932 4374 Parediso,
971 4301 1006 4362 et
1042 4297 1103 4383 ipsi
1141 4319 1163 4362 a
1194 4297 1388 4364 facienoum-

234 4401 369 4468 Domini
392 4423 426 4466 se
456 4400 704 4479 abscondemnt,
729 4401 807 4486 quia
839 4400 996 4464 nimirum
1029 4401 1155 4486 peccati
1185 4405 1276 4467 tene·
1286 4377 1433 4511 {ffffl}

566 4753 572 4780 ¹
591 4749 679 4817 milies]
698 4749 777 4812 miles,
789 4749 888 4812 (3.0.οη
899 4749 969 4800 liin
