3500 5784
690 887 867 941 EPIS‘POLAE.

750 1302 820 1367 XV.

267 1490 366 1560 Virta
398 1492 646 1561 venerabilibus
677 1500 706 1561 ct
735 1494 778 1561 a'a
811 1490 944 1561 orliaco
973 1492 1042 1560 sibi
1074 1488 1308 1560 dilectissimis
1362 1525 1432 1571 1235·

349 1597 469 1663 Fratri
480 1597 623 1677 Anido,
633 1595 751 1683 miore
762 1595 977 1683 provinciali
992 1598 1159 1663 Fratrum
1174 1596 1307 1662 Praedi-

349 1707 502 1766 catorara
526 1700 569 1765 aba
591 1698 734 1783 Acylla,
758 1706 787 1766 et
809 1698 1058 1785 diffinitoribus
1081 1698 1126 1764 aba
1155 1698 1307 1785 capitulo

349 1802 543 1868 celebrando
564 1802 663 1889 apocri
685 1802 883 1883 Eboracum
906 1802 1070 1869 Robcatao
1092 1802 1219 1868 diviua
1240 1801 1308 1867 mi·

350 1905 534 1971 scrutioac¹
575 1902 830 1971 Liacolac'crasis
868 1904 1059 1994 Episcopus
1095 1904 1241 1972 sul’uteru
1277 1911 1307 1972 et

350 2006 490 2075 airrccrcc
513 2007 668 2075 caritatis
691 2006 852 2095 (affuderat.

307 2178 393 2259 Quia
424 2200 467 2243 cx
497 2178 610 2244 debito
642 2177 738 2244 officii
768 2178 850 2243 mihi
881 2179 958 2244 licet
989 2179 1125 2266 indigno
1152 2179 1457 2267 impositi,Arequat

262 2282 303 2347 ad
328 2282 593 2347 emundationem
617 2282 732 2346 domus
755 2282 818 2347 Dei
848 2282 971 2348 arctius
993 2282 1166 2370 astringar,
1188 2306 1249 2349 nec
1270 2266 1453 2398 mmigr-

260 2385 325 2449 isto
348 2406 443 2471 opere
465 2384 518 2449 vel
540 2384 583 2449 ad
606 2384 771 2449 modicum
794 2383 949 2471 proficere
972 2385 1100 2450 valeam
1122 2386 1194 2453 sine
1216 2387 1446 2468 viva-sonsum

260 2486 351 2551 cibus
384 2492 419 2552 et
448 2486 590 2552 fortibus
622 2486 872 2572 coadjutoribus,
903 2509 964 2552 nec
993 2493 1130 2575 possunt
1163 2490 1306 2555 inveniri
1318 2469 1440 2593 ffiffid

260 2595 329 2653 tam
351 2589 493 2657 efficaces
514 2589 551 2653 in
573 2590 634 2655 hac
655 2594 750 2678 parte
773 2590 984 2675 coadjutores,
1008 2613 1109 2677 quam
1130 2591 1219 2657 iuter
1241 2593 1492 2678 fra-maam-

261 2698 325 2757 tres
354 2692 478 2758 ordinis
507 2693 618 2771 vestri,
651 2714 731 2779 quos
765 2692 856 2757 aclas
894 2691 1017 2759 mas
1053 2693 1120 2759 Dcc'
1154 2695 1304 2775 comedit,
1317 2668 1407 2785 ‘ciffi
1417 2670 1465 2786 ξω

260 2802 294 2861 et
316 2796 358 2861 ad
388 2794 649 2861 emundandam⁹
670 2795 763 2859 illam
785 2818 806 2860 a
828 2795 974 2861 sordium
1004 2796 1307 2864 abominationibus
1320 2800 1386 2851 civil
1394 2801 1462 2852 law.

259 2898 468 2964 vehementer
492 2902 589 2984 urget
611 2903 647 2963 et
668 2898 826 2976 stimulam,
850 2904 995 2964 vestram
1017 2899 1098 2964 totis
1121 2899 1307 2967 devotionis
1321 2891 1457 2979 ΨΜ·

259 3001 437 3067 visceribus
465 3000 636 3065 humiliter
658 3001 701 3065 ad
723 3001 820 3086 pedes
843 3001 991 3067 caritatis
1013 3008 1133 3069 vestrae
1163 3010 1306 3091 prostra-
1322 2964 1359 3011 ¹¹⁹

258 3108 314 3169 tus
344 3125 442 3169 exoro
474 3104 632 3169 sinceram
666 3102 883 3181 dilectionem,
915 3107 1078 3189 quatenus
1111 3107 1306 3192 petitionem

259 3228 365 3271 meam
387 3227 487 3291 quam
510 3227 569 3292 pro
591 3204 751 3270 habendis
773 3226 901 3271 mecum
923 3206 1126 3292 aliquamdiu
1148 3207 1307 3275 fratribus

259 3308 387 3374 ‚Ioanne
417 3309 457 3374 de
488 3306 610 3373 Sancto
641 3306 761 3393 Egidio
783 3314 817 3373 et
840 3308 987 3373 Galfrido
1012 3308 1053 3374 de
1077 3310 1179 3389 Oliva,
1211 3312 1306 3379 fratri

258 3410 382 3476 Alardo
397 3410 503 3475 Priori
525 3409 718 3497 provinciali
741 3408 823 3475 alias
846 3410 963 3489 direxi,
979 3432 1038 3497 per
1054 3412 1194 3479 eundem
1209 3414 1306 3480 vobis

258 3513 386 3601 plenius
418 3514 653 3599 exponendam,
677 3512 819 3601 benigne
851 3513 879 3579 si
910 3514 1018 3601 placet
1049 3516 1205 3582 exaudire
1235 3517 1306 3605 dig-

258 3616 405 3695 nemini;
431 3615 590 3681 addentes
613 3616 735 3681 eisdem
757 3616 901 3701 aliquem
924 3617 1063 3682 tertium
1085 3616 1127 3683 de
1149 3618 1308 3686 fratribus

258 3718 383 3797 vestris,
415 3719 472 3804 qui
504 3718 542 3781 in
569 3717 655 3801 juris
685 3718 792 3784 civilis
822 3723 856 3784 et
887 3720 1035 3785 canonici
1056 3722 1177 3807 peritia
1206 3722 1308 3789 fuerit

259 3822 415 3909 probatus
445 3825 480 3887 et
505 3820 714 3900 exercitatae,
746 3820 838 3907 cujus
867 3844 1001 3909 possum
1033 3845 1114 3889 sano
1144 3830 1179 3891 et
1202 3826 1307 3891 incor-

258 3928 355 4011 rupto
389 3924 441 3988 uti
473 3924 628 3989 seoretius
662 3923 804 4002 consilio,
829 3926 866 3989 in
889 3929 941 3990 tot
963 3924 1073 3990 dubiis
1099 3926 1228 3993 casibus
1255 3929 1306 3993 in·

260 4030 421 4091 cessanter
467 4026 718 4111 emergentibus,
757 4032 792 4093 et
837 4028 873 4091 in
910 4033 1009 4093 tanta
1040 4026 1306 4117 jurisperitorum

260 4128 429 4193 hominum
467 4126 673 4208 secularium,
711 4133 854 4195 nutante
895 4134 930 4196 et
973 4129 1101 4196 incerta
1136 4133 1306 4202 varietate.

260 4230 375 4297 Valete
396 4230 433 4295 in
455 4229 629 4300 Domino⁸.

293 4593 300 4623 ¹
318 4592 759 4660 micantioaerermirsionessCC„
811 4594 909 4659 C.C.C.,
921 4598 972 4650 Ox.

261 4676 309 4728 Ox.
844 4677 854 4705 ³
876 4675 960 4727 Valere
971 4679 995 4728 ia
1009 4678 1127 4746 Domino]
1145 4698 1194 4735 om.
1208 4683 1309 4746 (200,

294 4752 506 4833 ’emundandunj
553 4755 744 4817 emendandum,
812 4756 861 4809 Ox.
