3500 5784
520 861 586 928 262
848 874 996 926 nonnam
1019 872 1248 926 anomsrrsrn

957 1181 1132 1248 LXXXII.

388 1360 458 1408 12³9·
503 1345 712 1418 'Reseranda
731 1345 832 1434 patri
852 1345 897 1414 aa
918 1343 1050 1414 osaea
1072 1343 1212 1426 ΟιΙιοπᾶς
1229 1343 1296 1412 Dat
1315 1341 1570 1432 mutiadcmti

608 1447 770 1518 Nlctolut
800 1449 844 1518 ta
868 1448 1007 1520 Ocraere
1031 1447 1193 1516 Trdllorw
1216 1446 1361 1518 diowuo
1381 1447 1568 1526 cardinali,

608 1552 810 1638 Apostoltoae
853 1552 943 1622 aab
988 1550 1105 1638 Iapeto,
1140 1549 1312 1630 Baletus,
1348 1550 1569 1620 miseratione

609 1654 736 1724 diaeo
765 1653 1023 1724 immutante
1052 1651 1191 1722 cauata
1219 1652 1382 1722 minuar
1413 1651 1569 1734 humilia,

516 1841 519 1852 Ι
608 1756 760 1838 salum
790 1763 821 1826 et
852 1777 960 1845 quma
990 1754 1140 1827 auam
1171 1761 1244 1824 mm
1273 1754 1427 1824 dovotae
1456 1753 1569 1824 obedi-

609 1859 742 1928 meum
761 1867 793 1930 et
813 1857 1047 1928 emanatura.
1397 1898 1401 1902 Α

353 2031 468 2096 Hebegs
565 2013 650 2082 Oum
696 1991 934 2080 obsistentibus
978 2013 1224 2102 impedimentis
1260 2011 1416 2102 gravibus
1451 2013 1569 2102 nequit
1652 2031 1656 2036 ’

352 2096 497 2217 {elsssssgnio'ss'
519 2116 711 2184 inferiorum
754 2115 962 2184 imbecillitas
998 2117 1041 2182 ad
1078 2115 1230 2183 effectum
1277 2114 1455 2202 producere
1492 2137 1567 2202 quae

352 2223 632 2285 oroudmnltamen
655 2241 698 2286 ex
720 2217 829 2288 officii.
853 2219 966 2286 debito
1002 2223 1159 2284 tenentur
1196 2217 1363 2306 complere,
1402 2217 1484 2304 quid
1520 2219 1568 2284 ais
1636 2267 1650 2276 ,

352 2299 501 2430 ῗὲζωθ
520 2325 624 2388 restat
645 2321 826 2386 remedium
848 2321 914 2386 nisi
943 2321 987 2386 ad
1020 2319 1201 2408 superiores
1233 2325 1421 2385 remuneret
1456 2323 1496 2384 ut
1526 2319 1568 2384 de

354 2431 472 2482 abbatos
521 2423 689 2490 affluentia
733 2421 866 2510 majoris
911 2423 1085 2512 potestatis
1130 2422 1277 2509 vigorem
1321 2420 1462 2510 capiant,
1502 2443 1568 2509 quo

352 2497 483 2630 ffiffl
520 2523 690 2592 fortificati
711 2529 746 2592 et
767 2524 914 2590 roborati
936 2525 1121 2614 compleant
1153 2545 1227 2612 quae
1261 2522 1331 2588 sina
1365 2523 1469 2610 ipsius
1499 2546 1567 2590 cor·
1611 2578 1617 2588 .

352 2631 470 2710 {ungant
521 2625 728 2694 roboratione
742 2627 904 2718 complere
918 2648 987 2693 non
1009 2631 1173 2716 poterant,
1188 2625 1242 2692 vel
1264 2629 1303 2692 ut
1317 2625 1347 2690 si
1368 2630 1438 2699 tam
1453 2626 1581 2716 gravia

350 2705 472 2762 mum*
520 2729 588 2796 sint
626 2728 795 2796 obstacula
831 2728 921 2818 quod
964 2749 1025 2794 nec
1061 2727 1162 2794 etiam
1206 2727 1253 2793 sic
1289 2727 1403 2816 repelli
1435 2733 1567 2814 queant,
1634 2771 1641 2786 ι

521 2831 668 2920 superior
689 2835 833 2920 potestas
854 2830 980 2896 virtute
1011 2830 1143 2920 propria
1164 2829 1343 2920 potentiori
1373 2829 1410 2898 id
1440 2829 1567 2896 efficiat

353 2953 481 3004 *sichard
523 2933 742 3016 Quamobrem
780 2953 855 2998 cum
891 2931 1020 2998 abbas⁸
1052 2931 1271 3022 croylandiae,
1298 2931 1423 2998 ordinis
1455 2931 1566 2999 bae?

353 3021 492 3088 ΜΨ·
523 3035 701 3114 Benedicti,
720 3035 796 3124 jure
819 3034 1003 3101 dioecesano
1024 3034 1119 3099 nobis
1134 3033 1307 3120 subjectus,
1323 3055 1383 3121 per
1399 3025 1568 3100 dominum

521 3157 631 3226 regem
664 3137 864 3202 eonstitutus
905 3137 949 3202 sit
978 3135 1189 3224 justitiarius
1213 3135 1382 3214 itinerans,
1413 3141 1448 3202 et
1480 3137 1569 3203 inter

520 3239 602 3304 alios
621 3236 819 3325 justitiarios
840 3237 1036 3304 itinerantes
1058 3242 1207 3305 exerceat
1228 3237 1358 3326 publice
1380 3237 1567 3326 hujusmodi

515 3339 706 3428 justitiariae
740 3337 904 3422 officium;
925 3338 1014 3428 quod
1047 3343 1208 3427 quantum
1245 3338 1291 3404 sit
1327 3327 1589 3422 inconveniens,=

520 3445 746 3528 quantumque
768 3439 918 3528 religioni
951 3444 985 3506 ct
1012 3439 1083 3526 juri
1104 3440 1219 3506 divino
1252 3439 1470 3528 canonicoque
1490 3464 1568 3508 eon·

519 3544 666 3623 trarium,
713 3545 833 3608 vestra
890 3541 1074 3608 sanctitatis
1127 3542 1288 3629 sapientia
1341 3542 1567 3629 limpidissime

520 3645 699 3732 conspicit;
736 3666 795 3710 neo
818 3643 930 3710 valeat
960 3666 1019 3730 per
1049 3665 1083 3710 se
1114 3651 1228 3710 nostra
1259 3645 1467 3711 imbecillitas
1504 3647 1568 3712 hoc

519 3745 707 3812 scandalum
733 3745 855 3824 tollere,
879 3745 1015 3832 objectis
1047 3745 1209 3836 repagulis
1238 3747 1411 3833 potcstatis
1447 3747 1546 3835 regias
1558 3773 1569 3828 ;

519 3869 657 3934 eumque
679 3847 755 3912 huic
776 3845 862 3912 mulo
877 3868 945 3914 non
967 3848 1069 3936 possit
1090 3849 1213 3938 sperari
1234 3849 1414 3915 remedium
1436 3850 1567 3917 aliunde

520 3949 584 4014 nisi
618 3973 639 4014 a
678 3952 796 4014 vestrae
834 3948 1019 4014 sanctitatis
1066 3955 1237 4036 potestate,
1275 3953 1456 4038 praesertim
1492 3974 1568 4018 cum

521 4051 601 4116 alias
632 4052 668 4116 in
690 4050 850 4116 consimili
872 4073 970 4117 causa
998 4053 1040 4117 ad
1062 4053 1282 4120 venerabilem
1303 4060 1432 4141 patrem
1463 4055 1568 4121 domi·

354 4174 495 4231 smmum
522 4176 603 4220 num
619 4151 916 4220 Oantuaricnsemb
938 4176 997 4241 pro
1022 4154 1228 4242 impetrando
1250 4157 1395 4223 subsidio
1417 4157 1568 4246 coniuge·

354 4242 492 4362 wint·
522 4258 632 4336 rimus,
656 4279 716 4322 neo
737 4260 849 4322 tamen
875 4256 911 4320 id
932 4256 1083 4323 effectum
1105 4259 1150 4324 sit
1181 4260 1269 4346 quod
1291 4260 1567 4342 desideravimus3

523 4359 567 4424 ad
587 4361 731 4425 vestram
754 4358 965 4424 sanctitatem
995 4360 1155 4449 supplices
1185 4363 1389 4444 recurrimus,
1412 4367 1568 4451 rogantes
1709 4416 1710 4425 ,

523 4466 557 4528 et
579 4461 783 4528 obsecrantes
814 4483 914 4547 quam
945 4461 1046 4528 anxio
1077 4462 1198 4530 affectu
1230 4465 1352 4532 mentis
1385 4461 1566 4554 possumus,
