3500 5784
330 2095 368 2142 lc.

486 819 552 882 :356
811 831 958 882 acararr
981 832 1211 882 caossurrsra

492 1013 510 1044 “
532 1007 648 1072 timore
671 1005 776 1091 regio;
801 1004 1026 1092 dicereturque
1059 1006 1100 1072 de
1134 1007 1227 1071 vobis
1257 1005 1341 1070 illud
1375 1003 1536 1073 Jeremiae,

491 1116 509 1144 ‘⁴
532 1108 620 1194 quod
658 1109 806 1196 princeps
845 1107 1090 1174 cantuariensis
1134 1109 1309 1196 provincia
1345 1106 1456 1172 factus
1493 1111 1541 1170 est

322 1213 466 1268 menas
492 1217 509 1246 “
533 1210 625 1276 velut
647 1209 739 1274 ories
761 1233 834 1275 acu
859 1209 1041 1275 iraveaieaa
1059 1233 1197 1296 pascuo,
1222 1217 1253 1276 at
1274 1209 1393 1276 obrem
1422 1207 1542 1294 ubsque

493 1321 509 1348 “
526 1311 739 1399 fortitudine
761 1319 838 1377 orde
854 1312 982 1398 sociem
1013 1311 1250 1398 adaequantia.
1296 1311 1542 1377 Denunciamus

411 1413 416 1422 '
492 1421 511 1450 “
533 1420 644 1480 autem
690 1415 791 1492 vobis,
838 1437 906 1480 non
959 1423 1118 1501 tanquam
1162 1415 1299 1480 habenti
1343 1419 1542 1500 potestatam

491 1523 509 1552 “
532 1515 673 1582 officium
711 1517 890 1604 episcopale
920 1518 956 1581 in
993 1524 1105 1583 nostra
1135 1517 1267 1582 dioeoesi
1305 1517 1341 1580 iu
1374 1515 1438 1580 hoc
1468 1536 1542 1578 casu

494 1628 511 1654 “
534 1641 689 1698 exercere,
714 1619 770 1684 sed
797 1624 955 1706 tanquam
979 1619 1113 1685 zelatori
1146 1619 1261 1684 salutis
1295 1619 1480 1683 animarum
1510 1623 1544 1680 et

494 1728 512 1758 ‘⁸
530 1721 682 1806 justitiae,
703 1721 895 1808 saepefatum
927 1721 1096 1787 dominum
1118 1721 1299 1786 Robertum
1330 1743 1400 1785 esse
1434 1719 1542 1792 talem,

495 1830 513 1859 “
537 1823 665 1909 qualem
687 1847 763 1890 eum
785 1847 884 1911 supra
906 1823 1140 1910 descfipsimus,
1163 1830 1204 1888 ut
1225 1846 1294 1902 vos,
1316 1826 1481 1909 quantum
1510 1821 1546 1883 in

496 1934 514 1962 “
537 1926 630 1990 vobis
652 1931 711 2002 est,
733 1949 754 1990 a
776 1933 875 2012 puteo
898 1926 1126 2012 praedictorum
1148 1926 1308 1990 malorum
1329 1947 1406 1990 eum
1437 1929 1545 1988 extra

328 2023 369 2075 Pa
382 2023 465 2074 lxviii.
498 2035 516 2063 ‘⁴
538 2027 615 2092 here
638 2029 807 2106 conemini,
823 2035 1000 2114 antequam
1019 2035 1144 2114 paterae
1163 2027 1282 2094 inferni
1303 2033 1426 2112 arycat
1443 2045 1548 2108 ΜΨ

499 2139 517 2165 “
539 2151 617 2194 eum
639 2151 674 2195 os
696 2151 808 2208 auam,
832 2135 867 2196 et
889 2153 957 2195 uon
979 2131 1023 2196 sit
1046 2131 1243 2217 possibilitas
1265 2128 1481 2216 egrediend'a'’

542 2233 642 2298 Later
664 2239 775 2297 autem
798 2234 1009 2320 praesentium
1031 2235 1162 2299 recessit
1183 2257 1205 2298 a
1226 2233 1319 2298 nobis
1357 2238 1436 2297 ante
1475 2235 1547 2296 octo

496 2335 564 2401 dies
587 2335 763 2421 completos
797 2341 872 2421 post
905 2335 1053 2400 mandati
1086 2334 1231 2400 officialis
1263 2335 1365 2399 vestri
1396 2332 1547 2420 praetaoti

496 2437 756 2524 earsceptionem3
788 2436 860 2501 ideo
895 2437 1011 2502 incerti
1043 2437 1084 2502 de
1117 2438 1245 2514 futuris,
1280 2437 1375 2502 vobis
1406 2439 1443 2501 in
1478 2437 1548 2519 ejus

497 2561 621 2606 recessu
644 2539 780 2604 aabere
804 2561 871 2604 nou
893 2539 1060 2626 potuimus
1082 2561 1158 2625 quae
1179 2539 1287 2604 dictus
1308 2537 1457 2603 officialis
1479 2544 1549 2602 erat

497 2663 593 2728 super
615 2640 779 2728 praedictis
802 2641 966 2706 facturus:
990 2663 1033 2706 ex
1055 2642 1107 2706 his
1129 2648 1240 2708 tamen
1256 2663 1330 2727 quae
1351 2641 1548 2712 audivimus„

497 2750 627 2829 atquae
650 2743 744 2809 nobis
766 2743 982 2808 comminatus
1013 2749 1071 2821 est,
1095 2744 1234 2809 firmiter
1264 2743 1426 2809 credimus
1459 2741 1547 2828 quod

497 2867 565 2912 non
609 2845 815 2910 obstantibus
873 2846 1063 2932 praescripta
1106 2847 1312 2932 responsione
1357 2853 1472 2910 nostra
1514 2849 1550 2908 et

498 2948 749 3013 denunciatione
764 2953 798 3012 et
816 2946 918 3032 justis
939 2947 1222 3034 appellationibus,
1237 2948 1280 3012 ad
1302 2948 1548 3013 iustitutionem

498 3049 625 3136 praet‘ati
649 3048 783 3114 Roberti
807 3049 843 3113 in
876 3048 1014 3136 praefata
1046 3049 1179 3116 ccclesia
1215 3052 1320 3116 sancti
1352 3049 1444 3115 Petri
1476 3071 1550 3135 pro-

497 3150 599 3232 cedet,
622 3150 702 3214 alias
724 3149 817 3214 nobis
839 3151 876 3214 in
899 3151 1047 3237 pluribus
1062 3152 1172 3238 gravis
1191 3153 1336 3218 existens
1358 3158 1393 3218 et
1414 3151 1551 3237 injurio

499 3276 561 3319 sus.
620 3251 777 3332 Quocirca
799 3257 919 3318 vestrae
942 3253 1133 3340 paternitati
1156 3254 1366 3320 devotissime
1389 3253 1550 3340 supplica·

500 3377 573 3420 mus
595 3355 751 3440 quatinus
774 3355 944 3441 providere
966 3355 1048 3420 velit
1062 3361 1172 3421 vestra
1194 3355 1355 3434 discretio,
1377 3379 1421 3421 ne
1444 3361 1553 3420 vester

500 3455 644 3522 officialis
667 3457 801 3520 vestros
814 3456 1045 3542 suffraganeos,
1069 3481 1150 3543 quos
1170 3458 1208 3523 in
1240 3460 1308 3524 suis
1330 3458 1445 3523 officiis
1479 3480 1552 3544 pro·

501 3563 609 3644 tegere
633 3558 758 3622 debetis
781 3564 815 3623 et
838 3580 1045 3645 praemonere,
1061 3561 1103 3624 ab
1126 3559 1239 3626 officiis
1261 3563 1329 3625 saris
1351 3569 1387 3625 et
1408 3561 1552 3624 maxime

502 3658 637 3726 salutis¹
663 3661 856 3740 animarum,
881 3659 1035 3740 retardet,
1057 3669 1118 3727 aut
1144 3663 1191 3727 eis
1213 3663 1390 3748 injuriosus
1410 3662 1553 3735 existat:

503 3785 543 3828 ne
574 3761 666 3840 forte,
691 3762 779 3847 quod
810 3763 906 3842 absit,
934 3786 990 3849 per
1021 3763 1209 3849 hujusmodi
1231 3770 1375 3851 tepescat
1396 3763 1555 3830 adversus

503 3887 563 3930 vos
584 3885 696 3928 eorum
719 3864 858 3940 devotio,
876 3870 911 3931 et
932 3865 976 3929 ia
996 3865 1110 3950 plocio
1128 3874 1238 3933 castro
1255 3865 1396 3932 oraculo
1411 3872 1556 3952 ponatur

471 3977 476 3990 '
504 3965 622 4032 Valeat
644 3967 825 4053 paternitas
848 3971 961 4032 vestra
982 3988 1110 4054 semper
1132 3969 1168 4032 in
1192 3969 1342 4033 Domino.

931 4179 1329 4190 ——---—---—-——
1338 4177 1554 4186 --.--———-

732 4313 739 4342 ¹
756 4309 856 4376 solatia]
875 4327 925 4364 om.
934 4313 1022 4364 (mc.
1034 4313 1162 4388 repeating
1172 4321 1197 4363 el
1206 4316 1313 4365 masiae.
