3500 5784
439 814 502 877 102
762 829 911 879 nonnam
933 828 1163 881 onossnrnsrn

436 1002 568 1067 noverit
589 1010 701 1070 vestre
733 1004 915 1091 paternitas
949 1004 1037 1091 quod
1070 1026 1240 1091 nunquam
1271 1003 1354 1070 dieti
1384 1001 1485 1069 obbas

436 1110 471 1170 et
504 1111 687 1173 conventus
716 1108 938 1172 instrumente
971 1128 1037 1188 sua,
1070 1107 1099 1172 si
1130 1112 1237 1174 rector
1267 1108 1408 1174 eoclesiae
1443 1106 1484 1169 de

436 1210 541 1274 Euere
558 1210 631 1295 jam
654 1209 780 1288 obierit,
796 1232 895 1297 super
918 1210 1158 1299 quinquaginta
1179 1212 1295 1277 marcis
1317 1232 1377 1298 pro
1399 1210 1483 1273 fruc·

435 1313 525 1379 tibus
564 1313 643 1377 anni
679 1312 903 1401 praecedentis,
941 1313 1023 1378 mihi
1063 1312 1280 1395 coniecerunt,
1318 1314 1403 1379 sicut
1447 1312 1482 1381 in

438 1416 542 1483 literis
564 1414 683 1481 vestris
705 1437 748 1481 ex
770 1436 883 1480 eorum
905 1436 1043 1503 persona
1064 1418 1227 1483 asseritur.

272 1531 329 1582 Gen
311 1530 418 1583 navus.
481 1518 526 1584 Et
548 1516 634 1605 quia
656 1516 755 1583 moral
775 1517 870 1605 coepi,
886 1518 1006 1605 loquor
1026 1516 1074 1583 ud
1096 1518 1281 1587 minum
1300 1524 1335 1585 et
1357 1524 1482 1607 patrem

272 1602 312 1651 ²⁷
438 1642 547 1685 meum
569 1620 610 1685 de
633 1618 844 1686 frandulenta
866 1622 1152 1701 circumventione,
1172 1644 1238 1709 qua
1259 1644 1326 1688 non
1349 1623 1414 1687 irat
1399 1626 1483 1687 trem

437 1723 495 1787 sed
509 1722 676 1810 patrem
649 1724 884 1789 circumvenire
895 1724 1079 1789 moliuntur
1094 1724 1235 1813 plurimi.
1260 1724 1485 1791 circumvenit

272 1839 377 1891 Μιιιιι.
386 1846 426 1891 ιι.
437 1826 528 1891 enim
541 1830 686 1890 vestram
701 1826 937 1913 separationen
954 1824 1187 1913 prudentiam
1201 1834 1235 1893 et
1250 1825 1484 1894 columbinam

271 1930 393 2049 (imm
437 1928 697 2015 simplicitatem
714 1928 833 2014 aliquis
855 1928 1003 2010 Proteus,
1022 1930 1096 1995 vult
1081 1934 1153 1995 tum
1175 1936 1317 2010 mutans,
1340 1930 1484 2018 paterni-

271 2000 502 2117 ffifflhetati
523 2038 646 2099 vestrae
668 2053 869 2117 conquerens
899 2054 942 2097 ex
975 2036 1069 2119 parte
1101 2032 1254 2119 Hugonis
1286 2034 1326 2099 de
1349 2029 1482 2108 Ravel¹,

271 2146 410 2248 ww
439 2136 527 2222 qued
549 2157 625 2201 eum
646 2140 857 2223 personatum
879 2134 1067 2201 medietatis
1091 2134 1232 2201 ecclesiae
1247 2136 1288 2201 de
1304 2134 1484 2201 Wudeford

270 2264 365 2315 forse
437 2238 590 2305 canonice
612 2238 729 2303 luisset
749 2238 837 2303 idem
860 2237 962 2325 Hugo
985 2238 1131 2324 adeptus,
1154 2260 1215 2325 ego
1237 2240 1377 2305 eundem
1395 2236 1484 2303 dieto

270 2331 395 2449 ἓξὲξ
436 2344 615 2429 personatu
636 2343 753 2407 contra
769 2339 939 2424 justitiam
961 2339 1122 2427 spoliavi3
1156 2345 1289 2427 propter
1322 2340 1410 2427 quod
1441 2338 1484 2405 erl

271 2466 420 2519 maor
442 2444 613 2510 dominum
636 2443 758 2529 Papam
783 2447 818 2508 et
849 2442 894 2507 ad
916 2462 976 2508 vos
1006 2442 1047 2507 ad
1080 2444 1258 2509 tuitionem
1280 2442 1484 2530 appellavit;

270 2530 407 2598 ΜΝ·
437 2568 535 2635 super
555 2546 649 2632 cujus
670 2544 900 2632 appellationis
922 2544 1109 2631 cognitione
1140 2546 1325 2626 summaria,
1348 2544 1484 2610 dedistis

436 2650 540 2717 eidem
574 2647 703 2735 judices
735 2646 961 2713 cancellarium
995 2655 1029 2712 et
1060 2648 1218 2715 decanum
1252 2647 1483 2734 Cantebrigins,

437 2753 494 2840 qui
516 2773 569 2817 me
591 2757 712 2817 vocant
733 2770 841 2815 coram
863 2770 898 2814 se
913 2748 949 2813 in
972 2770 1111 2830 causam,
1135 2751 1223 2836 quod
1240 2751 1370 2839 justum
1384 2749 1485 2817 merit

437 2877 545 2923 eoram
567 2854 615 2919 eis
637 2857 852 2941 recepturum.
900 2852 942 2917 In
965 2852 1055 2918 dicta
1085 2854 1198 2940 itaque
1220 2854 1432 2940 querimonia,
1456 2852 1484 2917 si

436 2981 504 3024 non
526 2961 671 3023 staretur
700 2954 737 3019 in
767 2956 890 3041 angtrlo
923 2954 1083 3041 generalis
1116 2955 1321 3039 intentionis,
1345 2956 1403 3042 qui
1434 2956 1486 3021 in·

440 3061 600 3127 trinsecus
631 3059 739 3125 sordes
773 3057 899 3145 colligIt
933 3062 968 3123 et
1000 3058 1131 3125 fraudes
1161 3060 1314 3140 involvit,
1338 3064 1485 3127 extremo

436 3183 497 3230 suo
531 3164 572 3253 ‘in
608 3148 689 3227 tine'
718 3165 903 3247 puncturus
947 3166 1141 3249 penetrante
1184 3164 1334 3229 acumine
1378 3184 1485 3249 posnae

438 3264 629 3355 &heunalis
644 3288 651 3344 3
674 3264 732 3329 sed
753 3263 1004 3329 descenderetur
1018 3264 1060 3329 ad
1081 3265 1218 3351 planum
1233 3270 1268 3331 et
1285 3265 1485 3332 luminosum

440 3368 589 3457 specialis
610 3367 769 3446 veritatis,
793 3387 868 3451 quae
891 3386 959 3431 non
986 3367 1106 3452 querit
1139 3368 1284 3455 angulos,
1308 3368 1375 3449 sed,
1399 3369 1485 3435 sicut

284 3480 369 3557 ‘..⁰·
437 3472 520 3537 dicit
541 3470 702 3548 Salvator,
726 3468 867 3547 liberat3
890 3472 1090 3556 compertum
1114 3475 1197 3535 esset
1218 3470 1344 3537 dietum
1367 3471 1483 3558 Hugo·

271 3562 288 3594 '
318 3582 325 3597 ‘
371 3584 378 3597 ”
436 3596 512 3641 nem
535 3574 577 3639 de
599 3569 718 3637 Ravel¹
737 3570 866 3636 nullum
898 3575 1108 3658 personatum
1130 3572 1274 3659 potuisse
1305 3594 1409 3659 usque
1442 3574 1484 3641 ad

437 3678 507 3745 haec
529 3681 679 3763 tempora
699 3674 770 3739 sine
793 3673 1036 3761 dispensatione
1070 3674 1224 3741 canonice
1255 3675 1355 3743 luisse
1387 3678 1486 3765 adep-

439 3786 536 3860 tum;
567 3776 733 3863 cumipse
754 3782 905 3864 aspectus
927 3776 1097 3842 evidenter
1117 3777 1232 3843 doceat
1254 3779 1395 3845 eundem
1418 3780 1486 3847 dio·

438 3887 512 3948 tum
535 3880 713 3967 Hugonem
735 3878 873 3944 minoris
895 3878 1005 3944 aetntis
1027 3900 1125 3965 quam
1145 3900 1284 3947 canones
1303 3879 1486 3947 admittant

437 3986 480 4050 ad
501 3986 713 4070 personatum
734 3985 770 4047 et
790 3982 938 4067 regimen
958 3982 1150 4047 animarum.
1196 3976 1336 4070 Insuper
1355 4006 1486 4071 quoque

437 4086 556 4151 falsum
577 4084 675 4151 vobis
695 4083 732 4148 in
753 4082 817 4149 hnc
837 4088 932 4170 purte
954 4088 1144 4171 suggestum
1178 4088 1236 4165 est,
1269 4107 1343 4151 oum
1377 4086 1486 4154 dietus

438 4188 675 4276 Hugodictum
690 4190 902 4273 personatum
924 4186 1024 4253 etiam
1046 4184 1087 4251 de
1108 4184 1194 4252 facto
1215 4208 1385 4275 nunquam
1399 4190 1487 4257 obti-

437 4292 557 4373 nuerit,
566 4291 624 4357 sed
636 4290 765 4376 qualem
779 4288 910 4375 qualem
919 4288 1105 4369 custodiam,
1118 4310 1261 4377 eamque,
1278 4296 1318 4358 ut
1331 4292 1484 4373 creditur,

438 4396 548 4462 minus
562 4392 715 4461 canonice
734 4390 896 4480 adeptam.

701 4698 708 4727 ¹
726 4694 820 4763 ιιιιι]
838 4694 933 4759 nnn,
945 4694 1113 4761 ιιιιιιιιιιι.
1124 4696 1230 4765 ceo„
