3500 5784
682 891 860 944 mrsronm
1229 881 1295 945 225

250 1058 351 1128 tionis
374 1063 408 1129 et
430 1064 646 1152 corruptionis
667 1064 809 1152 privatio
841 1084 909 1130 non
939 1068 998 1141 est
1031 1063 1089 1129 scd
1109 1063 1214 1151 magis
1236 1062 1296 1128 he·

249 1161 340 1230 bitus
370 1165 555 1252 adquisitio,
586 1167 640 1232 vel
671 1167 787 1232 saltem
817 1165 862 1230 cd
884 1165 1036 1231 habitum
1068 1186 1136 1232 non
1167 1163 1311 1232 modice
1343 1246 1347 1254 .

250 1267 396 1334 accessio.
456 1269 530 1334 Hoc
566 1269 667 1335 etiam
705 1291 763 1356 per
798 1267 984 1355 exemplum
1020 1267 1147 1354 liquido
1183 1275 1295 1355 petere

251 1373 370 1454 potest.
430 1369 595 1436 Ponornus
630 1370 715 1437 enim
752 1371 840 1456 quod
874 1369 992 1455 aliquis
1030 1375 1065 1435 et
1095 1389 1207 1436 omnes
1244 1370 1297 1434 sui

250 1471 498 1556 praedecessores
520 1473 564 1538 ed
596 1471 730 1539 ulterius
761 1478 796 1538 et
827 1472 975 1537 omnium
1008 1493 1142 1537 suomm
1175 1471 1301 1559 prsedc·

250 1593 411 1639 sessorum
448 1574 643 1641 mundatum
680 1593 807 1662 semper
840 1573 1047 1639 consueverit
1071 1561 1220 1654 mentiri,
1244 1573 1299 1639 vel

249 1672 389 1739 folsum¹
413 1677 639 1742 testimonium
670 1675 784 1754 dicere,
819 1676 872 1740 vel
906 1674 1069 1755 fornicari,
1092 1676 1148 1740 vel
1184 1675 1296 1752 furari,

250 1775 302 1840 vel
325 1776 527 1862 hujusmodi,
539 1784 575 1843 et
596 1781 710 1865 postes
735 1777 934 1865 poenitentis
956 1776 1075 1842 ductus
1090 1799 1164 1860 ¹non
1186 1777 1300 1842 obedit

249 1875 438 1963 hujusmodi
460 1880 626 1957 mandato,
646 1879 704 1946 sed
727 1879 858 1966 penitus
881 1877 1013 1944 resistit.
1058 1877 1231 1964 Numquid
1253 1879 1300 1943 sio

249 1979 404 2065 spoliavit
426 1980 651 2049 mandatorem
674 1970 784 2066 aliquo
802 1980 879 2067 jure
892 1984 953 2046 sut
967 1980 1079 2066 alique
1100 1980 1300 2069 possessione

249 2081 303 2146 vel
325 2082 419 2168 qussi
441 2084 648 2170 possessione,
671 2083 726 2148 vel
748 2082 881 2148 omnino
903 2082 1015 2168 alique
1035 2104 1070 2147 re
1082 2106 1090 2162 ;
1114 2086 1173 2147 sut
1205 2104 1300 2146 num·

249 2183 329 2268 quid
367 2185 606 2271 expectendum
643 2189 694 2250 est
724 2181 889 2271 judicium
926 2194 965 2250 ut
1000 2205 1068 2250 non
1105 2183 1243 2249 desistet
1278 2206 1300 2248 e

250 2286 440 2352 mentiendo
470 2287 526 2353 vel
548 2285 743 2372 hujusmodi,
767 2287 825 2352 sed
845 2285 1002 2374 persistet
1023 2286 1061 2350 in
1083 2306 1122 2352 eo
1143 2285 1186 2350 sd
1208 2308 1299 2350 man·

250 2385 366 2452 dotum
388 2389 591 2455 mandatoris
613 2387 811 2474 hujusmodi,
838 2409 1007 2474 quousque
1040 2388 1299 2475 interpellaverit

244 2487 399 2573 judicem,
422 2497 458 2556 et
479 2491 630 2556 omnibus
652 2490 688 2555 in
709 2490 816 2556 forme
836 2490 955 2576 judicii
976 2490 1117 2577 percotis
1139 2490 1298 2555 sentcnti-

249 2595 341 2656 stum
365 2593 409 2657 sit
431 2591 615 2672 diffinitive,
637 2614 713 2658 cum
734 2592 837 2658 etism
858 2613 919 2658 nec
951 2592 1051 2658 semel
1071 2591 1297 2656 mentiendum

248 2693 293 2758 sit
315 2693 480 2760 levissimo
502 2695 680 2774 mendacio,
702 2715 763 2772 neo
796 2693 994 2782 peccandum
1024 2693 1134 2778 aliquo
1167 2698 1298 2779 peccato

249 2816 307 2881 pro
329 2796 401 2862 vite
422 2796 564 2864 hominis
585 2796 765 2862 solvendo?
808 2795 909 2862 Absit
922 2801 963 2860 ut
976 2793 1101 2860 illicitis
1122 2799 1297 2879 quantum·

248 2917 375 2983 cunque
397 2900 561 2965 consuetis
581 2899 739 2978 resistcre,
760 2897 806 2963 sit
831 2896 1078 2984 compellentem
1108 2896 1152 2960 nd
1182 2895 1299 2960 illicito

250 2998 358 3085 oliquo
382 3022 441 3066 suo
458 3000 534 3087 jure
556 3001 610 3066 vel
634 3000 768 3066 omnino
802 2999 915 3087 eliqua
936 3020 973 3065 re
993 2997 1153 3085 spoliere3
1176 3002 1236 3063 sut
1257 3002 1297 3063 ut

249 3121 316 3166 non
337 3102 509 3168 resistetur
530 3102 655 3169 illicitis
677 3123 752 3168 oum
782 3100 953 3168 evidenter
985 3101 1054 3166 sint
1085 3099 1210 3178 illicite,
1233 3100 1298 3164 nisi

248 3203 340 3289 prius
362 3203 489 3291 prolate
517 3204 719 3291 judicialiter
741 3202 921 3270 diffinitive
945 3201 1109 3269 sententie
1140 3202 1228 3288 quod
1250 3202 1299 3268 eis

246 3305 292 3371 sit
313 3306 537 3373 resistendum

295 3406 383 3473 Item
412 3409 449 3473 in
479 3407 621 3474 soclesiae
647 3407 833 3474 libertatem
863 3429 931 3474 non
959 3405 1165 3472 mediocriter
1194 3405 1427 3478 delio-orm

249 3509 373 3596 quitur,
395 3531 470 3576 cum
492 3510 620 3596 judices
642 3509 858 3591 ecclesiastici,
873 3531 916 3574 ne
938 3529 1060 3589 censes,
1076 3529 1158 3595 ques
1181 3513 1298 3573 notum
1308 3493 1464 3626 &3⁰

250 3617 301 3678 est
326 3634 408 3700 pure
432 3633 501 3678 esso
516 3611 754 3691 ecclesiastices,
770 3612 808 3676 in
827 3611 896 3679 foro
918 3611 1112 3677 desoindsnt
1133 3611 1457 3678 ecclesius-uectum

249 3714 322 3793 tico,
352 3737 375 3780 s
403 3714 536 3780 domino
572 3735 648 3802 rege
677 3713 903 3801 prohibentur,
926 3716 966 3777 ut
993 3733 1069 3778 cum
1098 3733 1157 3798 per
1185 3712 1297 3779 literas
1308 3694 1458 3825 {ffim

250 3819 357 3906 regies
388 3819 559 3886 inhibetur
606 3841 648 3884 ne
681 3817 788 3905 judex
824 3816 1061 3884 ecclesiasticus
1093 3816 1297 3902 judicialiter
1307 3825 1465 3906 munstre

250 3927 429 4008 egresso,
462 3927 575 3988 uuum
599 3920 732 3987 uersu
753 3920 807 3986 vu
832 3920 957 4008 capena
977 3920 1055 3985 uus
1083 3919 1146 3985 1001
1175 3921 1221 3986 se
1245 3893 1456 4024 exim

249 4024 335 4111 pella
364 4025 510 4090 metricis
540 4023 680 4090 ecolesiae
710 4023 847 4110 alicujus
875 4021 1011 4089 alterius
1036 4022 1107 4102 loci,
1123 4026 1159 4088 et
1181 4025 1450 4106 uuumflpmooei·

249 4126 384 4192 decimae
413 4127 490 4193 telis
518 4132 614 4193 terroe
643 4126 686 4192 ed
716 4125 801 4192 hano
838 4124 893 4192 vel
915 4125 958 4190 ed
979 4125 1071 4190 illum
1107 4094 1465 4213 pemnunoffiiffi*

249 4228 425 4311 ecclesiam,
442 4249 480 4296 eo
494 4228 583 4315 quod
602 4228 631 4293 si
652 4233 745 4294 ector
767 4227 803 4294 in
830 4227 1019 4314 hujusmodi
1042 4249 1141 4292 muse
1164 4227 1296 4293 evincet
1305 4225 1438 4344 2⁰¹&

248 4331 482 4418 possessionem
511 4331 661 4411 serem,
691 4330 740 4396 rei
768 4329 939 4417 eltinge
973 4329 1136 4412 imminui,
1161 4349 1202 4394 ae
1236 4307 1455 4416 parm.

246 4453 456 4522 consequens,
487 4437 527 4499 ut
549 4432 656 4512 siunt,
680 4431 738 4519 jus
762 4437 957 4520 patronatus
980 4430 1126 4519 ejusdcm
1154 4430 1297 4498 ecclesiae
1307 4424 1468 4557 ζῶε,

623 4757 630 4788 ¹
650 4755 752 4824 futen]
770 4769 820 4808 om.
833 4753 923 4810 (200.

1142 4851 1164 4903 P
