3500 5784
701 873 879 927 nrrsroua
934 860 939 867 ’
1278 862 1321 929 29

270 1048 524 1129 confidentiam
559 1047 617 1135 qui
647 1054 683 1115 ot
713 1049 775 1115 loci
807 1049 1056 1137 propinquitate
1093 1056 1128 1117 et
1164 1001 1323 1138 temporie

270 1151 519 1239 opportunitate
550 1172 617 1215 uno
651 1151 707 1217 vel
740 1152 866 1217 duobus
890 1151 1005 1218 diebus
1037 1157 1115 1218 ante
1147 1154 1235 1219 diem
1257 1158 1324 1218 sta-

270 1260 381 1321 tutum
418 1254 471 1319 liti
515 1254 626 1341 potuit
663 1255 751 1341 apud
790 1254 908 1319 Sarum
945 1255 1122 1337 interesse,
1167 1256 1225 1321 sed
1270 1257 1323 1321 die

270 1356 420 1423 condicto
442 1358 531 1423 inter
553 1376 614 1421 nos
638 1355 727 1442 apud
751 1356 963 1437 Dunelmum,
987 1379 1056 1443 prae
1078 1357 1142 1423 loci
1164 1358 1324 1424 distantia

270 1464 305 1525 et
337 1460 494 1547 temporis
528 1458 780 1547 incongruentia
814 1464 849 1525 et
879 1460 1090 1547 negotiorum
1123 1460 1323 1547 spiritalium

271 1562 483 1649 occupatione
509 1561 698 1639 necessaria,
730 1561 889 1627 interesse
919 1583 987 1627 non
1019 1567 1138 1649 posset.
1191 1562 1324 1647 Adjecit
1431 1604 1436 1611 ·

270 1686 399 1753 quoque
432 1666 555 1754 pagina
588 1671 700 1733 vestra
734 1666 822 1752 quod
854 1687 922 1731 non
956 1666 1086 1731 deceret
1115 1688 1177 1746 me,
1212 1666 1323 1731 virum

270 1774 376 1839 tsutae
414 1769 632 1847 auctoritatis,
667 1768 851 1835 occasiones
888 1790 1035 1855 quaerere
1064 1769 1109 1833 ad
1146 1770 1324 1837 circumve-

269 1870 427 1936 niendum
450 1871 695 1958 simplicitatem
717 1879 863 1938 vestram
876 1870 978 1951 ;·haec
999 1876 1111 1937 autem
1134 1871 1235 1937 verba
1256 1892 1324 1936 non

269 1972 427 2039 videntur
455 1996 572 2061 puram
595 1995 707 2060 sapere
741 1973 996 2061 simplicitatem,
1029 1995 1103 2039 cum
1134 1995 1213 2039 vcra
1246 1974 1323 2039 sim·

270 2074 399 2161 plicitas
436 2076 595 2142 consistat
627 2076 663 2141 in
695 2076 884 2162 cognitione
917 2075 989 2141 veri
1023 2080 1058 2141 et
1091 2098 1201 2141 amore
1235 2075 1322 2142 boni.

270 2176 308 2241 Si
342 2179 430 2243 enirn
463 2178 647 2244 credidistis
681 2200 734 2243 me
767 2178 906 2264 alicujus
928 2178 1144 2256 auctoritatis,
1176 2200 1219 2244 ex
1251 2179 1324 2245 veri

271 2281 457 2367 cognitione
479 2302 547 2346 uon
570 2280 743 2347 crederetis
766 2302 818 2345 me
841 2280 962 2347 habere
992 2283 1034 2347 ed
1067 2282 1322 2347 circumvenien-

271 2382 350 2447 dum
373 2404 432 2449 vos
454 2404 572 2469 rugam
595 2382 801 2469 duplicitatis
824 2388 859 2449 et
888 2383 1000 2449 fucum
1022 2384 1184 2449 simulata
1206 2384 1322 2451 volun·

270 2484 370 2565 tatis3
404 2485 466 2551 scit
500 2486 589 2551 enim
619 2506 700 2551 vera
733 2485 877 2572 cognitio
908 2508 1026 2573 rugam
1056 2486 1262 2573 duplicitatis
1288 2492 1323 2553 et

271 2586 381 2651 sucum
426 2588 645 2653 simulationis
682 2587 810 2653 nullum
855 2587 976 2655 habere
1019 2589 1148 2676 pondus
1184 2590 1322 2675 alicujus

270 2689 484 2767 auctoritatis,
524 2694 558 2755 et
595 2712 671 2755 vere
710 2691 917 2756 nominatam
948 2692 1180 2757 auctoritatem
1212 2712 1322 2757 secum

272 2812 338 2857 non
371 2792 515 2879 compati
559 2792 749 2859 simulatam
787 2792 1001 2878 equitatem
1038 2793 1195 2858 simulata
1232 2794 1321 2859 enim
1442 2779 1449 2793 ’

271 2894 408 2979 aequitas
437 2894 605 2980 duplicata
638 2900 689 2959 est
721 2894 881 2981 iniquitas
893 2918 901 2974 ;
933 2896 961 2959 si
994 2916 1073 2961 vero
1096 2894 1220 2961 nullius
1245 2918 1323 2961 auc-

271 2996 417 3063 toritatis
449 3018 501 3061 me
533 2996 727 3079 credidistis,
750 2996 942 3064 ascribendo
973 2997 1057 3063 mihi
1089 2999 1322 3065 auctoritatem

270 3121 336 3164 non
359 3120 532 3165 examore
555 3098 643 3179 boni,
666 3121 719 3164 me
742 3100 907 3166 hostiliter
929 3100 1098 3180 derisistis,
1113 3100 1321 3168 immemores

271 3202 371 3288 ipsius
403 3201 491 3287 quod
534 3223 593 3289 per
623 3202 806 3289 sapientem
843 3202 969 3269 dictum
1008 3200 1100 3269 est¹:
1139 3201 1320 3269 Delcccrcs
1333 3214 1409 3266 Prov.
1418 3215 1454 3266 iii.

271 3304 342 3389 ipsc
374 3302 508 3371 dclmlct
530 3310 559 3369 et
581 3302 774 3371 occaecatis
806 3304 903 3371 debit
934 3304 1096 3389 gratiam.
1143 3305 1320 3391 Adjecistis
1332 3288 1371 3332 ³⁴·

269 3407 384 3486 adhuc,
419 3428 478 3473 vos
512 3428 580 3471 esso
613 3407 788 3493 spoliatos;
819 3408 862 3473 cd
894 3408 983 3495 quod
1012 3409 1201 3494 respondeo,
1232 3410 1320 3495 quod

269 3530 328 3595 ago
373 3530 433 3575 vos
478 3530 546 3574 non
582 3508 729 3594 spoliavi,
774 3509 833 3575 sed
877 3531 920 3575 ex
963 3509 1113 3575 districto
1157 3516 1321 3597 praecepto

268 3610 508 3677 ordinariorum
544 3633 692 3677 meorum
729 3611 824 3676 illum
860 3633 960 3697 quem
1001 3612 1116 3699 petitis
1153 3613 1320 3679 redditum

267 3714 362 3779 vobis
399 3736 466 3779 nou
504 3713 596 3793 solvi,
636 3714 739 3779 donec
775 3734 885 3779 coram
918 3713 984 3779 illis
1021 3715 1062 3780 de
1095 3715 1172 3801 jure
1209 3721 1321 3784 vestro

268 3816 395 3902 aliquid
426 3815 602 3881 docueritis
614 3838 623 3894 ;
660 3837 697 3881 ac
731 3836 789 3902 per
821 3816 884 3881 hoc
913 3837 974 3881 nec
1004 3816 1056 3880 illi
1087 3836 1149 3883 vos
1179 3819 1322 3904 expolia-

268 3922 392 3985 verunt
424 3918 482 4004 qui
513 3916 717 3982 solummodo
750 3917 794 3981 cd
825 3916 1057 3984 declarandum
1084 3918 1141 4005 jus
1174 3926 1321 3987 vastum

269 4019 449 4085 secundum
473 4018 570 4085 officii
592 4020 645 4085 sui
667 4019 827 4100 debitum,
850 4041 911 4085 vos
933 4022 1123 4108 compellere
1145 4024 1322 4090 voluerunt

268 4123 354 4188 sicut
392 4122 584 4188 debuerunt
637 4122 801 4187 Additum
838 4144 969 4208 quoque
1007 4128 1077 4189 erat
1121 4125 1158 4189 iu
1201 4128 1323 4211 pagina

269 4230 381 4291 vestra
414 4246 473 4291 vos
506 4224 756 4311 exceptionibus
778 4212 942 4290 dilatoriis
973 4230 1007 4291 et
1037 4225 1128 4291 falsis
1157 4248 1199 4291 ex
1229 4234 1323 4313 parte

269 4350 342 4393 mea
379 4326 541 4413 fatigatos.
590 4326 626 4391 Si
659 4326 866 4413 exceptiones
901 4325 1064 4393 dilatoriae
1098 4350 1119 4393 a
1145 4328 1221 4413 jure
1254 4351 1322 4395 non

268 4428 487 4517 reprobentur
518 4427 574 4494 sed
608 4427 651 4493 ab
690 4433 761 4495 arte
793 4428 967 4508 rhetorica,
999 4434 1034 4494 et
1066 4429 1110 4495 cb
1141 4431 1213 4517 ipso
1245 4432 1260 4518 j

739 4623 806 4630 ’.-
842 4624 968 4631 -—-—-—·
975 4624 1028 4631 ...—
1037 4624 1183 4632 .-..—---.-
1190 4626 1257 4632 --..-
1273 4628 1277 4632 .

612 4745 621 4778 ¹
638 4744 727 4797 dietum
739 4744 787 4813 eal]
807 4744 906 4807 dicitur,
918 4744 971 4798 sid,
