3500 5784
703 866 881 919 crrsronnc.
1276 852 1318 917 53

270 1039 521 1108 inobedientiae¹
538 1064 604 1129 qua
626 1042 813 1108 nonsolum
827 1042 1017 1108 inobediens
1031 1042 1105 1107 est²
1125 1042 1317 1128 praepositis

271 1143 327 1207 sed
350 1144 420 1211 Deo
445 1144 650 1232 prescipienti
669 1151 708 1211 ut
731 1146 922 1212 obediamus
945 1144 1137 1232 praepositis.
1184 1144 1317 1210 Crimen
1332 1160 1340 1203 ι
1357 1157 1423 1208 sam.
1439 1173 1483 1209 xv.

271 1250 382 1311 autem
413 1247 645 1314 inobedientiae
672 1248 773 1335 quest
801 1254 978 1333 pecccatum
1002 1253 1049 1313 est
1075 1246 1263 1325 aristoneto]
1287 1229 1368 1313 et²³'

272 1347 372 1433 preest
402 1348 507 1415 scelere
536 1348 751 1417 idololotrtoe.
807 1351 884 1416 Non
922 1353 1032 1435 potest
1062 1353 1174 1415 eutem
1211 1350 1319 1414 erimi-

272 1470 376 1527 nosus,
400 1452 584 1517 animarum
606 1451 744 1517 crimina
766 1474 878 1518 curere
890 1478 899 1533 ;
921 1452 997 1518 ideo
1019 1452 1100 1517 dicit
1117 1452 1315 1539 Apostolus:

272 1552 404 1637 Oportet
430 1554 634 1641 episcopum,
671 1556 706 1621 id
744 1562 802 1637 est,
840 1554 1020 1642 quemlibet
1053 1555 1251 1621 sacerdotem
1281 1562 1406 1625 strici.
1420 1580 1442 1625 r.

270 1660 432 1741 pastorem
467 1657 659 1737 animarum,
696 1657 772 1725 siue
806 1658 956 1724 mimice
989 1679 1061 1723 esse.
1114 1658 1179 1723 Sed
1210 1657 1316 1724 adhuc

270 1756 366 1838 dicet,
400 1763 509 1847 potest
539 1761 722 1849 poenitere3
753 1765 788 1827 et
820 1782 880 1848 ego
912 1761 984 1826 dico
1018 1760 1105 1846 quod
1139 1760 1316 1826 secundum

271 1860 473 1947 Apostolum,
497 1868 628 1950 oportet
658 1864 850 1951 episcopum,
872 1863 910 1928 id
935 1868 985 1928 est
1011 1862 1220 1945 sacerdotem,
1243 1886 1317 1929 recu
1332 1889 1340 1932 ι
1355 1883 1421 1933 Tim.
1433 1883 1470 1933 iii.

271 1964 477 2051 neophytum
514 1988 605 2044 esse3
644 1972 678 2031 et
711 1966 783 2032 ideo
815 1972 994 2052 antequam
1025 1966 1163 2032 idoneus
1194 1967 1239 2032 sit
1272 1955 1351 2031 ad⁶·

271 2088 380 2132 curam
402 2069 594 2148 animarum,
611 2074 686 2157 post
707 2070 830 2135 crimen
851 2069 1070 2146 manifestum,
1088 2074 1216 2156 oportet
1234 2092 1315 2155 prae·

272 2168 382 2235 cedere
404 2178 549 2259 tempore
572 2193 715 2259 congruo
737 2173 832 2260 signe
854 2194 999 2259 congrua
1019 2172 1231 2258 poenitentiae.
1270 2173 1316 2237 Et

272 2271 357 2337 sicut
379 2272 459 2339 dicit
485 2274 627 2341 beatus⁸
650 2275 846 2357 Bernardus,
879 2274 922 2339 ad
955 2275 1101 2362 regimen
1131 2275 1316 2341 animarum
1329 2288 1481 2340 ABemard

274 2380 292 2409 “
306 2396 373 2440 non
387 2376 577 2462 probandos,
595 2376 651 2443 sed
667 2376 840 2464 probatos''
854 2378 1010 2443 debemus
1024 2378 1208 2445 admittere.
1239 2378 1316 2443 Nou
1327 2356 1469 2485 ,92²ssng

272 2476 374 2563 igitur
396 2483 455 2559 est,
478 2484 518 2544 ut
540 2480 682 2558 videtur,
705 2480 740 2544 in
774 2502 847 2546 mea
881 2482 1083 2569 correptione
1113 2480 1361 2568 reprehensi-ir.
1374 2488 1389 2553 ξ
1404 2494 1442 2569 μ,

272 2582 356 2663 bilis,
379 2592 439 2651 aut
465 2586 628 2652 mendacii
661 2586 841 2653 insinuatio
875 2593 936 2652 eut
966 2586 1142 2655 reticendae
1164 2587 1315 2653 veritatis
1327 2556 1459 2675 ξοῗῇξω,

272 2684 417 2753 elocutio.
463 2688 625 2755 Auferte
647 2711 714 2755 non
736 2689 837 2755 debui
859 2690 968 2777 palam
999 2691 1159 2777 corripere
1181 2712 1315 2777 pecean-

271 2794 339 2855 tem
382 2791 499 2879 palem,
546 2814 620 2857 eum
669 2792 751 2858 dicit
788 2792 966 2881 Apostolus
1002 2792 1046 2857 ad
1083 2792 1313 2858 Timotheum:

271 2892 460 2961 Peccatores
483 2915 597 2961 eoram
622 2894 781 2961 orrrrribcs
807 2917 920 2981 erpere,
943 2901 985 2961 ut
1016 2894 1127 2961 ceteri
1157 2894 1315 2980 timorem
1330 2910 1341 2956 1
1355 2906 1420 2961 Tine
1432 2924 1456 2960 v.

272 2994 420 3063 debeant.
464 2998 521 3063 An
543 2997 626 3063 forte
653 2997 798 3063 molliter
827 2997 927 3064 debui
952 2998 1142 3085 corripuisse
1172 3020 1314 3065 errorem
1327 2979 1367 3024 ²⁰·

272 3104 460 3185 vergentem
482 3100 518 3164 in
555 3100 736 3187 periculum
773 3101 965 3178 animorum,
1005 3122 1079 3165 cum
1117 3100 1157 3166 de
1194 3101 1316 3167 talibus

272 3202 457 3267 errantibus
495 3203 585 3267 dicat
622 3202 801 3290 Apostolus
837 3204 881 3268 ad
919 3202 1053 3268 Titum:
1095 3203 1317 3285 Quamobrem
1329 3214 1450 3270 'ficere

272 3302 413 3391 increpo
433 3302 514 3371 illos
541 3304 637 3385 dure,
661 3312 702 3371 ut
732 3302 814 3371 socci
845 3303 920 3372 siut
950 3304 994 3372 tre
1017 3304 1118 3392 fide?
1173 3306 1316 3393 Ideoque

272 3406 319 3473 sic
341 3408 420 3473 Heli
441 3408 587 3475 sacerdos
610 3410 844 3475 condemnatus
862 3415 921 3488 est,
942 3408 1020 3495 quia
1040 3408 1126 3474 filios
1147 3432 1222 3475 suos
1243 3432 1315 3498 pec-
1330 3435 1341 3480 1
1356 3430 1422 3481 sm
1434 3430 1472 3481 iii.

271 3516 381 3577 cantes
403 3509 522 3577 nimis⁴
543 3511 687 3577 molliter
706 3512 870 3599 corripuit.
916 3508 1053 3577 Errores
1076 3509 1133 3597 qui
1153 3534 1219 3578 non
1241 3535 1313 3579 ver·
1328 3502 1367 3547 ¹³·

271 3618 355 3698 gunt
376 3614 420 3679 ad
440 3614 613 3680 interitum
644 3614 770 3693 animae,
805 3614 926 3701 corripi
957 3620 1095 3701 possunt
1118 3614 1259 3681 molliter
1281 3622 1317 3682 et

271 3715 349 3782 ferri
370 3716 556 3805 patienter;
579 3716 636 3782 sed
659 3718 797 3783 mortale
819 3717 912 3783 virus
943 3738 1011 3783 non
1042 3717 1186 3783 molliter
1208 3719 1317 3806 expri-

271 3818 333 3885 mit
355 3818 483 3907 sepiens
505 3818 656 3885 medicus
690 3820 773 3886 Cum
788 3819 893 3905 igitur
915 3841 1020 3905 neque
1035 3819 1125 3885 dicta
1146 3823 1315 3909 correptio,

271 3944 376 4008 neque
398 3922 612 4009 correptionis
643 3924 760 3989 modus
782 3946 802 3986 a
824 3923 938 4010 regula
961 3922 1141 4009 Scripturae
1162 3923 1317 3989 videatur

271 4024 459 4112 discrepare,
483 4025 617 4093 videtur
639 4025 722 4091 mihi
744 4026 832 4112 quod
854 4032 1065 4113 correptores,
1087 4032 1122 4091 et
1144 4026 1316 4113 reprehen-

270 4150 356 4195 sores
378 4128 475 4195 dictae
498 4128 718 4217 correptionis,
750 4151 832 4214 quse,
857 4127 929 4194 Deo
960 4134 1054 4208 teste,
1087 4130 1241 4216 processit
1275 4152 1317 4195 cx

271 4224 445 4297 dilectione
474 4232 590 4297 salutis
619 4231 803 4297 animarum
837 4238 872 4297 et
905 4231 1023 4298 timore
1057 4254 1176 4319 magno
1209 4232 1317 4319 perdi·

272 4332 372 4401 tionis
394 4354 513 4415 earum,
534 4330 626 4401 salve
648 4356 761 4401 eorum
791 4335 985 4414 reverentia,
1008 4336 1082 4424 plus
1105 4339 1222 4401 curant
1244 4357 1319 4423 qum

308 4640 502 4711 'seminem
513 4641 770 4703 obediendae‚0.0·0.‚
792 4660 798 4741 Ι
854 4643 864 4673 ¹
882 4641 980 4710 beatur]
993 4658 1042 4695 om.
1054 4642 1145 4695 c.c.0.

273 4722 323 4775 On

304 4802 377 4870 Ιιει]
396 4818 445 4855 om.
458 4802 554 4865 coc..
567 4804 617 4855 ox.
792 4744 800 4861 l
855 4760 966 4830 ⁴⁴¹¹l¹f⁸l
982 4760 1174 4820 minuerer,
