3500 5784
697 862 875 916 nrrsroaa.
1246 840 1313 918 aar

264 1065 337 1110 rum
359 1041 564 1108 auditoribus
584 1042 757 1130 exponitis
791 1041 891 1108 Omni
908 1041 1012 1130 igitur
1030 1041 1315 1129 circumspectione

265 1147 360 1212 vobis
396 1145 578 1211 cavendum
608 1149 667 1222 ost,
698 1167 741 1210 ne
770 1144 858 1210 inter
888 1144 1150 1210 fundamentales
1179 1143 1314 1231 lapides,

265 1250 319 1315 vel
340 1270 399 1336 pro
421 1247 730 1328 firndamentalibus,
752 1269 821 1312 non
843 1247 1105 1312 fundamentales
1127 1251 1315 1333 ponantur3

266 1373 307 1417 uc
343 1351 428 1416 forte
457 1350 565 1414 minor
594 1370 662 1414 non
691 1349 992 1414 fundamentalium
1018 1349 1167 1414 soliditas
1203 1369 1314 1434 super-

266 1453 464 1521 aedificatum
486 1453 576 1538 prius
607 1453 716 1537 pariat
737 1453 904 1532 rimosum,
927 1455 963 1517 et
992 1451 1110 1516 deinde
1140 1451 1315 1515 ruinosum.

266 1557 407 1642 Tempus
445 1559 557 1620 autern
595 1554 740 1620 maxime
770 1553 939 1641 proprium
969 1554 1112 1642 ponendi
1143 1559 1178 1625 et
1207 1553 1315 1639 dispo-

267 1659 368 1726 nendi
389 1657 562 1744 praedictos
583 1656 708 1742 lapides
729 1657 766 1721 in
788 1656 1012 1734 fimdamento,
1039 1656 1103 1742 (est
1124 1658 1212 1722 enim
1233 1660 1316 1721 tern-

267 1781 329 1849 pus
358 1759 527 1839 fundandi,
556 1759 641 1824 siout
671 1765 706 1824 et
736 1765 869 1846 tempas
899 1757 1119 1845 oedr‘ptooadt)
1150 1760 1232 1825 hora
1268 1763 1399 1824 sorau
1410 1770 1447 1821 iii.
1460 1777 1485 1822 a.

267 1862 434 1928 matutina
465 1883 530 1949 qua
560 1859 722 1928 ordinarie
760 1861 892 1948 legitis;
929 1862 1021 1927 decet
1057 1862 1161 1948 igitur
1190 1864 1318 1926 vestras

268 1966 422 2031 lectiones
445 1985 565 2044 omnes,
588 1962 729 2028 maxime
752 1964 813 2028 tali
834 1968 990 2050 tempore,
1012 1963 1165 2050 legendas
1187 1985 1255 2028 esse
1279 1963 1319 2028 de

267 2069 361 2132 libris
383 2067 474 2133 Novi
496 2066 699 2132 Testamenti
719 2066 775 2132 vel
797 2067 950 2147 Veteris;
979 2088 1022 2132 ne
1033 2066 1053 2143 ¹,
1077 2068 1105 2132 si
1135 2088 1226 2132 secus
1247 2067 1320 2145 fiat,

268 2169 357 2235 inter
377 2165 648 2245 fundamentales,
672 2161 726 2231 vel
748 2189 807 2254 pro
829 2167 1131 2234 fiandamentalibus
1156 2167 1321 2255 lapidibus

269 2291 337 2337 non
358 2271 442 2337 tales
463 2273 649 2358 ponantur;
673 2274 803 2356 tempus
828 2292 957 2358 quoque
986 2271 1164 2358 unicuique
1183 2270 1320 2357 negotio

270 2383 459 2461 congruum,
508 2378 623 2438 contra
668 2371 846 2459 Scripturas
897 2373 1082 2439 doctrinam
1127 2374 1163 2438 et
1210 2394 1320 2437 rerum

270 2473 454 2542 manualem
484 2475 641 2554 ordinem,
672 2497 740 2540 non
777 2473 969 2555 tribuatur3
999 2480 1034 2541 et
1071 2500 1091 2541 a
1121 2482 1255 2563 patrum
1286 2479 1320 2540 et

271 2578 431 2664 majorum
454 2577 604 2664 vestigiis
626 2583 670 2642 et'
686 2577 916 2643 conformitate
945 2579 1144 2665 Regentium
1174 2577 1318 2643 Parisino

271 2681 508 2768 Theologorum
542 2679 714 2744 manifeste
751 2680 928 2746 recedatur.
977 2681 1065 2761 Quia
1101 2681 1206 2768 igItnr
1236 2681 1318 2745 totis

271 2783 462 2850 affectamus
492 2781 640 2849 caritatis
670 2782 860 2863 visceribus,
887 2783 976 2870 quod
1006 2782 1128 2849 ornato
1156 2783 1194 2847 in
1222 2783 1317 2848 vobis
1333 2799 1344 2843 1
1359 2792 1478 2845 Corma

271 2885 399 2952 bacato
437 2891 467 2952 ct
503 2883 693 2950 secundum
730 2883 889 2950 ordinem
917 2885 1022 2972 fiunt,
1053 2887 1138 2951 sicut
1168 2884 1318 2972 praecipit
1331 2864 1370 2910 ⁴⁰·

272 2988 459 3075 Apostolus,
490 2991 636 3053 vestram
666 2987 894 3052 discretionem
933 2989 1022 3053 omni
1052 3010 1118 3075 qua
1149 3008 1321 3075 possumus

273 3091 445 3157 effectione
477 3092 511 3156 ct
546 3088 721 3154 devotione
750 3112 913 3176 rogamus,
938 3113 1117 3171 monemus,
1148 3096 1183 3156 et
1205 3086 1320 3155 exhor-

272 3197 383 3258 tamur
427 3193 463 3257 in
507 3190 651 3256 Domino
696 3189 719 3256 J
721 3213 777 3256 esu
821 3191 967 3273 christu·
1010 3194 1166 3279 quatinus
1212 3213 1322 3257 omnes

273 3295 426 3361 lectiones
455 3298 575 3359 vestme
609 3293 783 3360 ordinariae
813 3295 895 3359 hora
923 3294 1054 3382 legendi
1083 3295 1252 3360 matutina
1281 3293 1321 3359 dc

273 3397 370 3463 Novo
407 3398 476 3461 sint
513 3395 725 3460 Testamenta
754 3397 808 3461 vel
846 3397 981 3478 Veteri3
1012 3404 1052 3464 ut
1089 3398 1162 3463 sitis
1199 3397 1321 3462 similes

274 3497 572 3587 patribusfamilias,
595 3497 662 3563 imo
692 3499 803 3585 potius
832 3500 896 3587 ipsi
925 3500 1187 3588 patresfamilias,
1207 3500 1318 3585 profe-
1332 3517 1442 3570 sorau

275 3609 382 3668 remes
412 3601 453 3666 de
483 3599 651 3666 thesauris
680 3601 799 3666 caetris
828 3623 919 3669 cacco
948 3609 979 3668 ct
1008 3609 1126 3683 cetero,
1157 3623 1224 3667 non
1254 3603 1320 3667 alia
1330 3585 1386 3636 ¹³³³·
1399 3592 1438 3637 ⁵²·

276 3703 426 3792 quaedam
462 3702 555 3768 velut
592 3703 708 3768 horum
746 3704 861 3783 media
902 3709 962 3770 aut
1003 3705 1045 3770 ab
1090 3705 1320 3793 hagiographis

276 3807 425 3895 patribus
455 3805 714 3892 superaedificata
745 3808 910 3888 doctrinae,
942 3830 1081 3894 quorum
1111 3813 1162 3873 est
1190 3813 1320 3896 tempus

277 3910 368 3975 aliud
389 3910 637 3975 convenientius
659 3910 978 3978 accommodandum.
1024 3910 1149 3977 Volete.
