3500 5784
616 863 793 914 nrrsronu.
1185 851 1249 913 405

204 1034 291 1122 cipes·
307 1036 397 1123 sueti
418 1044 501 1102 suut
523 1058 636 1103 omues
645 1062 659 1116 ,·
674 1059 750 1124 erpo
772 1037 922 1104 adulteri
936 1045 967 1103 et
988 1059 1061 1104 uou
1074 1038 1151 1124 filii
1165 1039 1249 1104 eatis.

205 1137 340 1205 Deiude
357 1145 474 1224 patres
496 1138 635 1225 quidem
657 1139 774 1206 caruis
805 1146 928 1206 uestra
957 1139 1149 1218 babur'sruus,
1174 1163 1250 1206 eru-

205 1239 337 1319 ditores,
370 1248 401 1306 et
436 1240 670 1308 reverebamur
706 1263 758 1308 eos
769 1267 783 1322 ,·
837 1263 954 1308 uouue
990 1242 1098 1308 multo
1138 1243 1251 1328 rumpis

205 1341 505 1429 obtemperabimus
538 1343 642 1408 Patri
681 1342 881 1430 spirituum,
915 1352 946 1410 et
975 1343 1155 1410 uiuamus?
1206 1345 1252 1410 Et

204 1443 263 1511 illi
285 1444 424 1532 quidem
445 1444 489 1511 iu
510 1451 657 1530 tempore
676 1467 871 1531 paucorum
893 1445 1040 1524 dierum,
1064 1445 1252 1511 secuudum

204 1546 411 1614 robaututem
433 1567 534 1614 suam
555 1546 755 1614 erudiebant
777 1570 862 1628 uos;
894 1547 951 1614 bie
985 1554 1099 1615 autem
1133 1547 1181 1615 od
1211 1547 1252 1614 id

206 1649 295 1736 quod
319 1649 406 1716 utiba
440 1657 487 1716 est
524 1649 568 1715 iu
600 1649 798 1736 reeipieudo
831 1649 1138 1736 sauctifioatzouem
1171 1649 1252 1735 ejus,

208 1751 328 1819 Omuis
349 1758 465 1819 autem
479 1751 672 1838 disciplima
692 1751 735 1818 iu
753 1752 941 1839 prasentia
955 1751 1095 1840 quidem
1116 1752 1254 1818 ridetur

206 1878 279 1922 rore
299 1877 363 1921 esee
383 1854 518 1940 gaudii,
542 1854 600 1920 sed
620 1855 800 1935 moeroris;
827 1862 944 1942 postea
965 1862 1080 1921 auum
1095 1855 1254 1940 fanetum

201 1956 467 2045 pacatissimum
511 1955 700 2023 eaereitatis
739 1979 804 2042 per
840 1978 915 2023 eam
951 1957 1067 2024 reddit
1097 1955 1252 2043 pestitice.

207 2061 290 2126 Ecce
312 2082 411 2146 quam
432 2059 646 2126 vehementer
668 2060 815 2146 increpat
845 2059 1025 2146 Apostolus
1056 2058 1253 2124 rebellantes

206 2157 354 2253 paternas
377 2161 567 2250 disciplinae,
592 2166 627 2226 et
649 2183 748 2248 quam
770 2161 943 2228 efficaciter
973 2161 1146 2248 persuadet
1168 2161 1253 2226 filios

207 2271 339 2352 patrum
375 2263 581 2350 disciplinam
613 2285 680 2329 non
714 2263 887 2351 negligere,
911 2285 1017 2350 neque
1044 2263 1178 2348 fatigari
1211 2263 1254 2328 ab

207 2389 319 2434 eorum
351 2367 533 2454 argutione,
569 2366 626 2432 sed
659 2367 915 2453 castigationem,
947 2366 1192 2452 eorreptionem,
1219 2371 1255 2430 et

207 2471 308 2536 etiem
344 2469 518 2556 flagellum,
547 2469 626 2534 licet
658 2490 732 2534 uou
765 2468 895 2555 gaudii
931 2468 989 2534 sed
1025 2467 1178 2535 moeroris
1211 2466 1255 2533 iu

204 2571 370 2658 praseuti
404 2570 592 2637 uideuatur
613 2592 686 2649 esse,
709 2575 859 2636 amanter
882 2575 916 2635 et
946 2570 1135 2636 obedienter
1156 2568 1256 2635 susei-

209 2695 294 2760 pere‚
340 2679 375 2738 et
407 2678 503 2738 tanto
547 2671 712 2737 amantius
734 2675 769 2738 et
806 2671 1012 2738 obedientius
1048 2695 1069 2736 a
1105 2670 1255 2758 patribus

209 2773 411 2862 spiritalibus
449 2795 548 2859 quam
590 2795 611 2837 a
647 2773 839 2868 carnalibus,
885 2778 1010 2859 quanto
1055 2772 1254 2860 pacatiorem

204 2873 346 2962 justitiae
368 2874 512 2939 fructum
535 2873 680 2940 referunt
695 2874 732 2938 in
747 2874 1048 2940 sanctificationem.
1094 2872 1254 2957 Alioquin

209 2999 281 3042 uou
295 2974 381 3062 filii,
405 2975 463 3042 aed
486 2974 639 3041 adulteri
661 2982 753 3055 suut,
775 2980 811 3042 et
832 2975 985 3041 incidunt
1018 2976 1055 3038 in
1076 2973 1160 3040 illud
1181 2994 1254 3060 pro-

209 3079 390 3167 pheticum:
414 3075 471 3144 Va
486 3077 547 3164 qui
562 3076 648 3144 dioit
659 3076 768 3162 patri,
783 3076 869 3164 quid
883 3075 1315 3163 pontemtremulum
1325 3093 1421 3144 xlvnu

209 3181 295 3270 quid
312 3179 493 3267 pertentet
538 3179 700 3266 Nunquid
721 3201 789 3245 non
803 3180 864 3246 hoo
878 3181 1002 3260 dieunt,
1026 3180 1084 3266 qui
1105 3182 1255 3244 assenmt

210 3286 373 3372 episcopos
395 3306 453 3371 per
475 3282 685 3363 visitationis,
709 3283 927 3363 correctionis,
949 3288 984 3348 et
1014 3281 1256 3347 reformationis

210 3387 351 3454 officium
373 3409 441 3452 non
462 3384 579 3452 debere
602 3385 665 3451 sibi
683 3385 759 3472 jure
781 3385 964 3451 dioeeesano
979 3383 1142 3471 subjectos
1157 3381 1256 3468 filios

210 3492 253 3558 iu
270 3489 399 3558 Obruta
412 3511 571 3577 peuerare
586 3495 616 3556 et
635 3487 815 3574 parturire
838 3487 942 3554 douae
957 3487 1130 3575 foraretur
1143 3485 1188 3552 iu
1207 3484 1256 3551 eis

213 3593 394 3662 Christus?

145 3731 155 3754 ·
251 3697 300 3762 At
320 3696 405 3761 forte
426 3695 546 3773 dicent,
562 3694 751 3780 supradicta
766 3693 944 3758 auctoritas
962 3690 1114 3779 Apostoli
1137 3690 1255 3756 suadet
1268 3700 1409 3766 ObJection.

210 3821 276 3864 non
297 3797 461 3886 negligere
483 3796 687 3884 disciplinam
720 3794 864 3874 Domini,
889 3816 957 3861 non
983 3793 1135 3880 praecipit
1157 3793 1256 3859 susci-

211 3923 286 3988 pere
308 3899 513 3986 disciplinam
535 3898 684 3986 episcopi.

255 4002 321 4068 Sed
342 4001 400 4087 qui
425 4003 471 4067 sic
505 4000 619 4066 dicunt
649 4001 853 4066 immemores
885 4021 954 4065 esse
976 3997 1135 4063 videntur
1168 3996 1413 4082 quodltumver.

211 4103 374 4169 Dominus
395 4104 464 4170 haee
486 4109 520 4168 et
542 4102 738 4188 hujusmodi,
763 4124 835 4188 quae
859 4102 902 4166 ed
924 4101 1065 4167 salutem
1095 4099 1163 4164 sint
1185 4099 1258 4164 ani·

211 4228 347 4287 marum,
371 4205 408 4270 in
439 4203 596 4292 episcopis
629 4226 687 4292 per
725 4205 889 4291 episcopos
918 4203 1004 4268 facit.
1060 4201 1136 4288 Ipse
1169 4201 1257 4266 enim

211 4309 373 4376 Dominus
396 4313 454 4387 est,
478 4307 535 4393 qui
558 4328 655 4394 opera
676 4305 792 4372 salutis
813 4307 849 4372 in
872 4306 918 4371 eis
940 4327 998 4392 per
1019 4325 1073 4370 eos
1095 4308 1256 4391 operatur,

212 4411 299 4476 unde
321 4411 457 4497 loquens
473 4408 649 4497 Apostolis,
665 4409 703 4473 in
724 4407 891 4495 Apostolis
906 4407 955 4472 ait
976 4407 1152 4494 episcopis:
1175 4405 1258 4471 Nou
1270 4419 1418 4473 altaux.

215 4533 272 4579 roa
303 4512 383 4580 eatis
405 4511 467 4599 gui
501 4509 777 4598 ambubaiam
814 4509 973 4596 Spiritus
1004 4508 1124 4576 Putris
1156 4508 1258 4574 rastri
1270 4493 1310 4538 ²⁰·

214 4613 276 4701 qui
292 4614 444 4702 toouitur
458 4613 502 4680 iu
515 4612 614 4680 uobis.
659 4613 705 4679 Et
726 4613 868 4679 iterum:
887 4611 957 4695 Qui
977 4633 1034 4677 ros
1055 4609 1183 4696 recipit,
1206 4631 1258 4675 ure
1271 4624 1370 4678 alne.
1381 4641 1407 4676 ι

214 4716 347 4804 reoipit;
363 4723 395 4784 et
416 4715 480 4804 qui
500 4738 555 4783 uos
577 4715 688 4795 audit,
704 4736 756 4782 me
779 4714 905 4797 audit;
921 4713 1026 4801 etqui
1046 4735 1103 4780 eoa
1116 4711 1258 4799 speruit,
1272 4697 1303 4742 ¹⁶
