3500 5784
432 858 474 925 16
756 874 904 925 aoensrr
926 868 1153 925 caossrrnsru

430 1051 558 1137 trema)
591 1051 631 1117 do
669 1051 730 1116 hoc
764 1051 897 1117 mallem
934 1052 1113 1138 sapientem
1150 1050 1322 1117 humiliter
1353 1051 1476 1131 audire,

432 1175 531 1240 quam
554 1154 725 1221 temerarie
748 1154 875 1241 aliquid
898 1153 1045 1221 diffinire
1091 1154 1144 1219 Ex
1165 1154 1331 1240 praedictis
1356 1158 1476 1235 tamen,

432 1258 461 1322 si
495 1279 571 1323 vere
605 1258 694 1323 dicta
724 1257 799 1336 siut,
833 1258 941 1345 colligi
972 1262 1092 1345 potest,
1126 1258 1188 1324 hoc
1223 1279 1292 1323 esse
1325 1257 1478 1345 spiritum

433 1364 577 1427 creatum
600 1360 825 1447 incorporeum
848 1360 970 1427 alicubi
992 1382 1068 1439 esse,
1090 1361 1178 1446 quod
1199 1360 1243 1425 ad
1265 1360 1388 1427 ibidem
1403 1383 1478 1427 con-

433 1468 528 1529 tenta
550 1462 826 1550 comparationem
852 1462 1058 1550 praesidentis
1078 1467 1140 1528 001
1160 1462 1389 1543 ministrantis,
1419 1470 1481 1531 aut

432 1566 543 1651 aliquo
587 1565 683 1631 modo
723 1566 859 1652 agentis,
898 1566 952 1631 vel
996 1566 1039 1630 ad
1083 1564 1206 1630 ibidem
1250 1572 1478 1633 contentorum

433 1668 593 1733 motiones
626 1666 735 1755 aliquo
767 1666 863 1733 modo
894 1667 1052 1754 patieutis
1084 1668 1210 1733 habere
1271 1669 1318 1735 Et
1339 1692 1407 1736 non
1428 1676 1479 1737 ast

434 1770 494 1837 hoc
521 1772 628 1857 ipsum
660 1792 727 1835 esse
758 1770 888 1847 alicubi,
911 1770 999 1856 quod
1021 1768 1191 1857 superficie
1216 1770 1312 1837 locali
1342 1772 1478 1839 circum-
1608 1852 1614 1864 α

433 1873 539 1952 scribi,
574 1878 634 1939 aut
670 1873 705 1937 in
740 1872 807 1937 situ
841 1872 1012 1959 punctunli
1049 1872 1130 1959 figi:
1174 1877 1213 1938 ut
1249 1875 1353 1959 possit
1389 1874 1479 1941 inter

434 1978 542 2063 ipsum
574 1981 607 2043 et
640 1974 705 2041 alia
737 1974 839 2041 situm
869 1974 1037 2054 habentia,
1071 1974 1169 2040 certis
1198 1974 1358 2041 linearum
1389 2000 1479 2043 men-

434 2079 527 2160 suris,
550 2078 711 2145 distantia
733 2100 791 2145 seu
812 2077 1039 2165 propinquitas
1061 2077 1181 2144 metiri.
1238 2078 1321 2143 Dixi
1343 2081 1479 2167 spiritus

434 2183 536 2248 malos
566 2186 600 2247 et
629 2182 789 2247 malorum
810 2181 936 2246 animos
958 2186 993 2245 et
1016 2202 1127 2246 omnes
1149 2180 1277 2247 animas
1299 2182 1379 2247 dum
1400 2190 1480 2249 sunt

433 2285 470 2349 in
493 2306 631 2372 corpore,
653 2285 695 2349 ad
719 2283 877 2349 motiones
892 2283 1097 2370 quorundam
1115 2304 1287 2369 corporum
1307 2286 1481 2371 poenaliter

433 2389 513 2475 pati,
548 2392 582 2453 et
616 2409 683 2453 non
715 2386 787 2451 dixi
819 2409 873 2451 eae
906 2408 928 2451 a
949 2386 1136 2473 corporibus
1166 2386 1256 2473 petiz
1292 2388 1371 2473 quia
1403 2389 1480 2455 licet

433 2490 628 2557 substantiae
650 2491 846 2575 incorporeae
875 2490 1004 2575 possint
1025 2511 1122 2576 ugare
1143 2488 1179 2554 in
1201 2511 1341 2577 corpora,
1366 2496 1481 2578 utpote

433 2594 594 2661 nobiliora
624 2592 662 2658 in
695 2592 803 2657 minus
840 2591 972 2670 nobilia,
1007 2614 1075 2657 non
1113 2599 1224 2658 tamen
1258 2598 1297 2658 ut
1327 2592 1481 2659 videatur

435 2720 453 2763 e
476 2718 638 2775 converso,
663 2716 794 2783 corpora
817 2700 956 2783 possunt
976 2716 1073 2783 agero
1093 2694 1131 2760 in
1152 2696 1355 2762 substantias
1376 2698 1481 2763 incor-

435 2822 556 2887 poreas,
581 2800 660 2885 quia
681 2798 859 2886 ignobilius
881 2819 948 2863 non
970 2802 1078 2885 potest
1099 2819 1195 2884 agero
1209 2798 1246 2863 in
1265 2797 1301 2862 id
1316 2800 1404 2885 quod
1425 2822 1484 2865 no·

436 2904 535 2970 bilius
550 2908 619 2982 cst3
643 2900 830 2968 substantia
844 2907 956 2967 autem
970 2902 1159 2988 incorporea
1179 2902 1280 2967 etiam
1302 2902 1339 2967 in
1361 2904 1482 2983 formis,

437 3006 553 3093 quovis
575 3004 715 3071 formato
741 3024 873 3091 corpore
903 3004 1043 3069 nobilior
1072 3008 1129 3069 est.
1182 3003 1233 3069 De
1262 3004 1325 3069 hoc
1353 3006 1484 3093 Augus·

273 3122 299 3173 S.
312 3123 381 3189 Aug.
393 3123 424 3173 de
436 3110 527 3175 tinus
549 3109 584 3172 in
607 3108 691 3172 libro
713 3112 806 3171 sexto
830 3105 973 3184 Musicae,
1004 3105 1054 3171 ita
1080 3105 1149 3170 ait:
1183 3114 1201 3140 ‘⁴
1216 3106 1287 3193 Ego
1310 3106 1351 3171 ab
1373 3108 1484 3173 anima

272 3190 379 3252 Musica,

272 3256 320 3320 59.
333 3256 421 3321 Oppi.

272 3338 296 3389 p.
307 3328 362 3375 516.

438 3219 455 3249 “
477 3212 538 3278 hoc
569 3232 683 3297 corpus
717 3207 857 3273 animari
887 3230 955 3274 non
984 3213 1074 3295 puto,
1106 3208 1172 3272 nisi
1193 3208 1378 3275 intentione
1407 3211 1484 3276 faci-

438 3324 455 3351 “
478 3315 586 3391 entis3
624 3333 683 3377 nec
716 3310 759 3376 ab
792 3311 857 3377 isto
888 3311 1062 3397 quicquam
1099 3309 1192 3375 illam
1229 3312 1302 3398 pati
1331 3312 1482 3394 arbitror,

438 3426 455 3453 “
479 3416 535 3482 sed
565 3414 668 3480 facere
692 3414 733 3479 de
762 3412 818 3479 illo
851 3418 885 3479 ot
916 3412 952 3477 in
983 3412 1041 3478 illo
1066 3418 1227 3498 tanquam
1258 3414 1403 3500 subjecto
1435 3418 1484 3481 di·

438 3529 455 3555 “
478 3519 605 3586 vinitus
636 3515 853 3581 dominationi
892 3538 984 3595 sure3
1027 3514 1204 3602 aliquando
1250 3520 1364 3583 tamen
1409 3541 1483 3586 cum

370 3618 372 3623 ’
438 3631 455 3659 “
478 3620 643 3697 facilitate,
668 3618 844 3704 aliquando
866 3640 941 3683 cum
963 3616 1157 3685 difficultate
1179 3619 1315 3705 operari,
1331 3621 1483 3706 0000010ι

439 3734 456 3763 “
479 3745 537 3812 pro
575 3723 644 3809 ejus
678 3721 803 3786 moritis
840 3720 945 3806 magia
981 3719 1132 3786 minusve
1176 3720 1206 3785 ei
1242 3720 1390 3807 subjecta
1433 3732 1484 3791 est

440 3837 457 3863 “
480 3833 597 3893 natura
627 3844 786 3911 corporea
844 3821 1035 3908 Corporalia
1067 3842 1143 3909 ergo
1177 3844 1379 3911 quaecunque
1409 3827 1486 3894 huic

440 3927 608 4015 “corpori
639 3927 836 4013 ingeruntur
871 3931 931 3991 aut
966 3924 1154 3990 obiciuntur
1183 3926 1394 4007 extrinsecus,
1417 3952 1484 3995 non

441 4041 457 4069 “
481 4033 516 4097 10
554 4030 670 4107 anima,
717 4027 773 4091 sed
819 4028 856 4091 in
899 4027 969 4113 ipso
1006 4047 1137 4113 corpore
1179 4027 1307 4113 aliquid
1350 4030 1483 4111 faciunt,

439 4141 456 4171 “
481 4133 569 4221 quod
592 4132 662 4218 ejus
693 4130 783 4216 operi
816 4134 875 4194 aut
906 4128 1099 4195 advelsatur
1120 4135 1181 4194 001
1203 4133 1387 4217 congruat.''
1432 4135 1484 4201 Ex

438 4236 491 4301 his
516 4234 626 4300 verbis
647 4231 827 4318 Augustini
860 4236 953 4318 patet
978 4232 1132 4312 animam,
1163 4231 1242 4298 dum
1272 4245 1324 4299 est
1351 4237 1388 4300 in
1417 4259 1487 4303 cor-

439 4358 525 4425 pore,
558 4358 579 4401 a
613 4334 772 4421 corporali
805 4354 872 4399 non
894 4334 974 4421 pati,
1007 4356 1106 4420 quam
1135 4339 1250 4401 tamen
1278 4358 1406 4404 necesse
1434 4346 1486 4406 est

440 4439 511 4528 pati
545 4460 675 4525 corpore
709 4458 823 4523 passo,
870 4436 1084 4503 consimiliter
1116 4436 1250 4503 videtur
1286 4441 1374 4527 quod
1411 4442 1486 4507 sub

552 4640 714 4651 -..——--.-
726 4640 753 4645 .-

607 4742 614 4773 ¹
629 4738 738 4807 prendo]
757 4747 851 4807 quanto
861 4739 888 4791 in
900 4742 978 4808 Aug..
989 4742 1039 4793 and
1050 4742 1116 4793 cedit
1127 4741 1166 4796 sor
1175 4742 1283 4810 subjecta
1294 4752 1338 4798 ert
