3500 5784
664 886 840 941 sermons.
1212 874 1280 941 439

235 1068 344 1133 Deum
391 1066 594 1146 timentibus,
639 1064 766 1130 vocetis
799 1061 955 1127 vocandis
995 1082 1055 1148 per
1086 1062 1175 1128 viros
1214 1062 1452 1138 fideandpnniss·

234 1170 359 1256 dignos,
382 1170 524 1249 idoneos,
549 1174 583 1233 et
612 1168 748 1254 juratos,
773 1166 964 1251 diligentem
986 1169 1021 1229 et
1042 1165 1280 1231 exactissimum
1294 1140 1440 1273 fflg'ffl‘

234 1274 362 1338 fecistis
399 1292 495 1358 super
526 1270 700 1357 praemissis
746 1267 1002 1354 inquisitionem,
1047 1289 1113 1353 quo
1149 1269 1280 1354 quidem
1295 1275 1418 1355 composi-

234 1376 421 1441 solemniter
442 1373 609 1461 publicato
631 1376 665 1437 et
687 1369 920 1457 compositione
953 1370 1041 1435 inter
1074 1370 1282 1437 Universits·
1293 1344 1428 1460 {amm

236 1486 303 1545 tem
326 1484 360 1543 et
381 1479 558 1564 burgenses
580 1498 638 1562 per
662 1475 757 1539 bonae
786 1471 952 1539 memorius
981 1472 1151 1539 dominum
1185 1472 1438 1539 N100.univmity

237 1581 324 1646 loom
346 1580 622 1645 Tusculanensem
653 1577 847 1663 episcopum,
869 1575 1055 1662 apostolicus
1081 1576 1167 1641 sedis
1200 1578 1285 1662 legs
1298 1544 1433 1595 ”dm

237 1690 318 1765 tum,
331 1684 455 1749 dudum
477 1680 571 1759 lucto,
588 1702 662 1767 quse
684 1678 805 1744 residet
825 1678 912 1763 opud
930 1676 1097 1755 Osneium,
1114 1680 1289 1766 diligenter

237 1788 390 1873 inspecte,
429 1807 511 1872 quos
548 1783 725 1849 secundum
763 1780 886 1845 (fictam
923 1780 1171 1865 inquisitionem
1209 1782 1290 1847 dicti

237 1890 389 1955 facinoris
411 1908 482 1953 reos
504 1886 705 1963 inveneritis,
729 1904 797 1949 uno
826 1904 901 1948 cum
934 1881 1118 1947 fautoribus
1148 1888 1184 1949 et
1216 1904 1291 1949 eue-

240 1992 367 2057 toribus
406 2010 529 2069 eorum,
567 1988 638 2053 vice
683 1991 717 2052 et
762 1986 963 2050 auctoritate
1010 1992 1149 2063 nostru·
1175 1985 1291 2051 habito

241 2096 386 2159 virorum
414 2090 613 2179 sapientium
647 2089 790 2167 consilio,
825 2087 1108 2154 animadversione
1138 2089 1294 2155 senonico

240 2198 352 2263 taliter
390 2195 546 2282 punietis,
584 2193 673 2279 quod
711 2197 780 2256 tem
818 2212 985 2277 processus
1022 2196 1131 2257 vester
1166 2194 1202 2257 in
1231 2193 1293 2259 hoc

241 2304 343 2387 purte,
367 2320 466 2385 quum
489 2300 600 2362 vestre
623 2294 755 2359 demum
778 2314 875 2379 super
890 2294 1003 2359 eodem
1026 2294 1189 2359 sententio
1210 2294 1295 2359 diffi-

242 2403 351 2500 nitiyo
383 2400 547 2468 canonicis
585 2396 732 2483 undique
768 2396 925 2461 fulciatur
961 2396 1134 2475 institutis,
1172 2420 1295 2483 vosque

242 2510 375 2591 propter
409 2504 469 2568 boc
502 2506 616 2566 tomo
647 2500 717 2565 Deo
752 2518 852 2583 quum
884 2498 927 2563 sb
958 2498 1147 2564 homiuibus
1177 2500 1295 2565 merito

242 2608 374 2695 possitis
397 2610 436 2672 ut
459 2603 606 2670 debeatis
628 2602 819 2690 propensius
844 2602 882 2665 in
904 2601 1047 2666 Domino
1069 2602 1296 2667 commendari.

289 2772 415 2840 Dolum
447 2772 534 2859 opud
566 2792 699 2856 percum
726 2766 838 2834 Stowe
860 2765 928 2833 viii
953 2766 1001 2833 Id.
1026 2766 1116 2846 Maii,
1137 2769 1297 2857 pontificii

332 2874 438 2941 nostri
460 2896 512 2939 un.
535 2872 604 2939 xiii.

695 3208 826 3275 CXXX
835 3210 854 3274 .¹

247 3428 412 3495 Rcbcrtus
443 3424 660 3492 miseratione
692 3422 818 3489 dicius
840 3422 1096 3490 lincolniam
1127 3426 1300 3513 episeopus
1353 3444 1424 3491 1250.

743 3532 797 3591 eto.

293 3748 378 3814 Oum
400 3766 468 3823 nos,
483 3742 561 3810 licet
584 3741 749 3819 immeriti,
767 3738 868 3806 simus
891 3762 933 3806 ex
956 3738 1052 3807 officii
1076 3742 1187 3810 debito
1204 3744 1457 3811 verbiAletterto

248 3850 311 3916 Dei
349 3846 605 3924 annuncistcres,
639 3848 672 3911 et
710 3844 750 3909 de
784 3844 877 3909 vobis
914 3864 953 3910 ac
989 3847 1141 3912 universo
1178 3847 1296 3935 populo
1308 3824 1450 3943 {lehffl

250 3954 411 4019 rationem
456 3946 618 4016 reddituri
664 3966 772 4012 coram
817 3944 936 4013 Judice
974 3951 1097 4014 setemo
1148 3948 1297 4017 terribili
1308 3972 1407 4075 zm
1408 3958 1465 4076 ἑξεῖ

1308 4090 1339 4140 of
1346 4091 1389 4141 tbc
1399 4107 1457 4155 peo-

250 4050 347 4144 opcd
364 4074 454 4139 reyes
476 4058 581 4130 terrm,
605 4050 816 4115 vehementer
838 4049 1114 4117 contremiscimus
1136 4050 1174 4115 in
1196 4052 1297 4118 oculis

250 4158 394 4245 ejusdem
427 4157 530 4221 severi
553 4152 690 4231 iudicis,
715 4152 862 4217 omnium
891 4152 1099 4239 Inspeetoris‚
1134 4174 1193 4241 per
1225 4178 1297 4242 pro
1307 4157 1347 4221 1³¹²
1359 4156 1455 4224 ussing

250 4260 381 4348 phetom
397 4254 587 4323 terribiliter
609 4254 792 4319 intonantis
807 4252 1010 4339 sqrcculotori
1032 4253 1175 4332 cuilibet,
1200 4224 1449 4355 superffggfeffin

248 4362 378 4427 vineam
402 4360 503 4447 ipsius
527 4356 660 4422 Domini
684 4354 828 4421 Sabaoth
852 4356 1040 4430 constituto,
1062 4380 1135 4423 ‘riou
1156 4359 1442 4488 unsrun-3¹⁸3&

1307 4491 1399 4556 elergy.

569 4754 574 4781 ¹
595 4752 668 4801 From
682 4752 734 4800 ΜΒ.
749 4753 831 4798 (lion.
846 4749 916 4798 Bodl.
932 4756 985 4799 750.
