3500 5784
421 822 487 894 208
745 835 893 891 sennaar
914 837 1142 890 eaoeerrrsrr

419 1013 573 1082 Menas
607 1012 696 1100 qnod
728 1013 872 1082 scribens
904 1013 1085 1082 Corinthiis
1106 1015 1256 1084 obsecrat
1277 1015 1463 1103 Apostolus,

252 1131 403 1184 icormslo
418 1117 580 1194 videlieet,
602 1116 644 1184 iot
665 1117 784 1202 ipsum
807 1115 958 1184 dieamus
987 1137 1109 1196 masaa,
1139 1125 1171 1184 et
1199 1140 1274 1184 aea
1295 1126 1399 1186 aaa
1419 1119 1464 1188 aa

416 1219 513 1288 uobis
546 1217 735 1300 nimmia,
761 1217 1332 1306 sedperseotierioauaioeodem
1363 1244 1465 1290 aeona

250 1345 344 1399 5,]οὴ
350 1347 402 1398 xiv.
416 1322 475 1392 et
460 1345 503 1390 aa
525 1321 641 1393 eadem
662 1319 813 1390 seientia.
861 1321 938 1407 Ipse
959 1327 1072 1388 autern
1094 1345 1152 1410 qur
1141 1323 1218 1388 eat
1239 1322 1306 1402 oio,
1329 1324 1462 1403 vavas,

416 1433 447 1492 et
468 1423 548 1504 uita,
572 1425 630 1512 qui
652 1446 711 1512 pro
733 1425 875 1492 veritate
897 1424 1061 1492 servanda
1081 1429 1117 1498 t
1138 1425 1311 1496 animabus
1333 1426 1463 1492 salvan

416 1529 467 1594 dis
488 1529 592 1597 vitam
614 1549 706 1594 auam
729 1526 997 1614 pretiosissimam
1011 1526 1106 1596 dedit
1127 1528 1226 1594 morti
1247 1528 1462 1596 aoerbissimae

415 1635 450 1698 et
471 1629 675 1718 turpissima,
698 1629 823 1697 lumine
845 1628 959 1697 valen
980 1629 1032 1696 sui
1053 1631 1182 1716 signato
1196 1651 1294 1716 super
1314 1651 1376 1696 nos
1397 1629 1465 1696 dia·

414 1733 500 1820 sipet
522 1739 556 1802 et
579 1733 727 1801 destruat
749 1751 892 1799 amorem
913 1734 1018 1798 nostri
1032 1736 1068 1798 et
1081 1736 1268 1798 nostrorum
1289 1732 1462 1818 plusquam

415 1836 566 1902 veritatis
599 1839 635 1900 et
665 1833 780 1902 salutis
804 1834 1011 1913 animarum
1041 1856 1084 1900 ne
1117 1834 1289 1920 quisquam
1310 1839 1461 1902 ausuum

415 1939 596 2026 reperiatur
618 1939 659 2004 de
681 1959 818 2004 numero
840 1937 972 2002 illorum
993 1941 1127 2024 propter
1159 1959 1240 2023 quos
1270 1938 1352 2004 dicit
1372 1939 1461 2028 Apo·

249 2061 341 2113 aum.
353 2061 390 2114 iii.
417 2043 528 2120 stolus,
555 2041 642 2126 quod
673 2040 717 2108 ia
742 2038 941 2107 nouissimis
964 2039 1082 2106 dismas
1106 2039 1287 2106 instabunt
1310 2047 1462 2126 temporo

250 2133 307 2190 Ψ·
341 2169 344 2174 ·
411 2143 613 2232 periaaloao,
644 2150 673 2208 et
708 2149 810 2210 eareat
840 2141 994 2208 tmaiaea
1021 2142 1145 2227 seipsos
1175 2150 1357 2222 amatam
1380 2164 1461 2229 quoa

415 2247 518 2315 etiam
540 2267 583 2312 ex
605 2246 683 2312 mali
708 2244 805 2330 hujus
826 2245 936 2310 radios
957 2244 1196 2330 pullulantibus
1218 2250 1461 2330 consequenter,

415 2355 455 2416 ut
487 2349 600 2429 nostis,
631 2346 910 2434 perniciosissimis
941 2347 1109 2415 involutos
1139 2349 1286 2417 ostendit
1305 2349 1458 2414 aooiden·

414 2453 523 2533 tibus;
559 2450 748 2536 hujusmodi
781 2451 870 2516 enirn
904 2449 1052 2516 homines
1079 2451 1131 2516 sui
1153 2455 1188 2515 et
1210 2471 1344 2516 snorum
1373 2450 1460 2536 plus

415 2578 514 2644 quam
536 2555 687 2622 veritatis
709 2557 879 2630 amatores,
902 2552 977 2642 ipso
988 2552 1135 2638 principe
1150 2552 1332 2638 Babylonis
1345 2553 1460 2623 viden·

414 2665 471 2728 tur
493 2659 642 2725 elatiores
654 2683 675 2738 3·
700 2656 778 2743 quia
799 2656 869 2742 ipse
891 2654 935 2720 ad
957 2655 1206 2720 similitudinem
1239 2655 1404 2722 Altissirni
1425 2677 1461 2722 se

414 2762 544 2842 extulit,
568 2761 603 2828 hi
619 2755 748 2826 autem*
774 2779 808 2854 ⁸⁰,
831 2757 975 2824 efferunt
988 2757 1031 2824 ad
1053 2757 1351 2843 superpositionem.
1375 2758 1460 2824 Oum

415 2864 502 2930 enirn
526 2887 560 2928 se
582 2863 761 2950 praeferunt
782 2859 927 2937 veritati,
944 2859 997 2924 oui
1019 2881 1053 2924 se
1075 2858 1256 2946 praaferunt
1269 2859 1333 2924 nisi
1356 2860 1460 2926 Altis·

266 3037 272 3050 ,
303 3017 353 3051 on
415 2968 498 3032 simo
521 2965 606 3030 Filio
630 2963 717 3028 Deil
752 2962 827 3048 Ipse
849 2962 938 3029 enim
960 2961 1027 3026 ait:
1052 2961 1122 3044 Epo
1145 2983 1225 3026 saun
1245 2961 1312 3040 oia,
1328 2962 1459 3042 verutos

247 3067 307 3146 xiv..
321 3073 336 3116 ’·
417 3081 448 3136 el
473 3069 545 3134 aito
555 3093 568 3146 ;
595 3089 663 3132 non
685 3064 850 3130 immerito
873 3064 976 3148 igitur
997 3062 1149 3148 prasoipit
1169 3065 1355 3150 Apostolus,
1379 3065 1462 3132 aas

335 3173 342 3188 '
383 3173 389 3186 '
416 3171 565 3239 devitare
576 3194 589 3249 ;
615 3190 675 3234 nos
697 3168 800 3252 igitur
814 3171 848 3232 et
869 3165 930 3230 hos
951 3164 1143 3244 devitemus,
1158 3172 1192 3232 ot
1206 3155 1462 3263 nobislmetipsis
1536 3155 1560 3260 2

415 3271 715 3360 ineomparabiliter
737 3274 771 3335 et
793 3267 1059 3354 insuperabiliter
1079 3267 1255 3334 veritatem
1286 3273 1321 3334 et
1347 3291 1459 3335 veram

415 3378 599 3443 animarum
614 3371 763 3448 salutem,
786 3370 829 3436 ad
852 3370 1075 3435 imitationem
1097 3371 1168 3435 veri
1183 3371 1337 3457 Magistri
1351 3372 1459 3438 humi-

415 3479 526 3556 litatis,
551 3477 767 3564 praeferamus.
825 3472 893 3537 Vos
927 3477 1038 3538 autem
1071 3476 1232 3558 tanquam
1254 3473 1340 3539 filios
1361 3474 1459 3540 earis-

414 3583 522 3658 simos,
546 3581 675 3644 obsecro
698 3598 756 3662 per
778 3575 997 3662 aspersionem
1026 3575 1195 3660 sanguinis
1223 3575 1305 3640 Jesu
1335 3576 1461 3642 Christi

414 3689 449 3750 et
463 3705 522 3769 per
535 3681 716 3746 adventum
737 3678 817 3762 Ejus
839 3678 883 3742 ed
904 3677 1111 3742 tremendum
1128 3677 1300 3760 jndioium,
1317 3680 1376 3763 qni
1389 3680 1459 3744 ani-

414 3807 502 3852 mam
534 3805 626 3848 suam
659 3803 717 3867 pro
748 3779 867 3844 ovibus
901 3779 969 3844 suis
1001 3778 1039 3842 in
1073 3801 1167 3844 oruoe
1200 3780 1320 3866 posuit,
1343 3786 1379 3846 et
1400 3804 1460 3847 vos

413 3892 558 3976 pastores
589 3885 677 3950 idem
707 3882 812 3948 faeere
846 3879 966 3958 doouit,
1001 3880 1157 3966 quatinus
1182 3904 1241 3968 pro
1263 3884 1370 3948 salute
1391 3886 1460 3949 ani.

415 4011 541 4056 marum
579 3985 743 4074 operanda
778 4005 846 4050 non
883 3983 988 4048 solum
1025 3987 1136 4049 vestra
1172 3990 1460 4072 quantumcunque

414 4094 564 4181 pretiosa,
581 4088 637 4156 sed
660 4089 760 4154 etiam
783 4085 999 4172 vosmetipsos
1013 4086 1190 4173 abnegetis,
1207 4089 1348 4174 meque²
1369 4091 1459 4155 debi-

413 4197 479 4262 lem
501 4199 536 4260 et
556 4194 687 4280 pigrum
710 4191 746 4258 in
769 4188 951 4254 ministerio
982 4187 1175 4254 salvationis
1208 4191 1402 4273 animarum,
1425 4199 1461 4258 et

414 4297 664 4364 insufficientem
685 4293 723 4358 in
745 4291 857 4357 eodem
879 4289 1061 4356 ministerio
1083 4290 1232 4370 fideliter,
1254 4292 1408 4372 filialiter,
1424 4301 1461 4360 et

416 4400 558 4470 viriliter
584 4395 718 4484 juvetis,
750 4393 843 4460 nulla
865 4393 971 4460 eidem
993 4397 1193 4482 opponentes
1214 4393 1384 4462 obataoarla
1405 4398 1459 4464 vel

447 4600 720 4610 ---.——---..—--—..
753 4597 896 4604 -.....—-.-
912 4595 1041 4602 ..η-β.
1061 4595 1114 4600 --.
1164 4595 1241 4600 --...
1278 4596 1298 4600 -.
1311 4597 1367 4602 -.,
1382 4597 1396 4602 ,,
