3500 5784
654 884 829 932 EPISTOLAE.
1247 880 1266 940 5

219 1060 340 1134 statua,
379 1056 467 1141 quod
511 1054 584 1141 ipsa
619 1058 669 1119 est
707 1054 812 1120 forma
848 1060 976 1122 statuae.
1033 1056 1117 1122 Cum
1154 1064 1266 1124 autern

219 1156 341 1223 artifex
378 1157 479 1223 habet
515 1156 552 1222 in
588 1156 699 1222 anima
728 1180 788 1223 aua
821 1157 952 1223 artificii
985 1160 1086 1224 fiendi
1117 1160 1268 1226 similitu-

219 1259 338 1337 dinem,
354 1259 549 1346 respicitque
570 1259 613 1325 ad
627 1258 726 1324 illud¹
751 1259 856 1325 solnm
879 1262 967 1346 quod
988 1262 1025 1327 in
1039 1266 1149 1327 mente
1170 1263 1265 1351 gerit,

219 1368 258 1425 ut
279 1361 323 1426 ad
345 1361 415 1447 ejus
437 1362 689 1427 similitudinem
720 1382 815 1427 suum
837 1362 958 1428 formet
988 1364 1174 1445 artificium,
1196 1364 1266 1451 ipca

219 1462 254 1527 in
289 1469 399 1529 mente
435 1463 570 1529 artificia
607 1462 737 1529 artificii
774 1464 955 1529 similitudo
993 1465 1097 1531 forma
1133 1467 1265 1532 artificii

219 1566 347 1632 dicitur.
392 1566 462 1633 Nec
484 1566 627 1633 multum
643 1566 747 1631 distat
768 1567 806 1631 in
827 1567 955 1633 ratione
977 1568 1047 1634 haeo
1069 1568 1264 1657 significatio

217 1668 338 1748 formae,
361 1693 383 1734 a
415 1670 568 1757 primitus
598 1668 688 1735 dicta
709 1668 947 1756 significatione
975 1671 1095 1737 formae.
1141 1671 1264 1759 Imagi-

218 1792 296 1836 nare
317 1772 431 1857 itaque
463 1770 501 1837 in
533 1776 644 1837 mente
665 1771 808 1850 artificia,
831 1772 964 1838 artificii
993 1773 1094 1839 fiendi
1115 1774 1263 1853 formam,

218 1866 334 1960 utpote
363 1874 400 1938 in
430 1878 540 1940 mente
570 1873 749 1955 architecti,
779 1874 918 1939 formam
951 1879 986 1940 et
1013 1875 1263 1943 similitudinem

217 1976 332 2041 domus
354 1976 559 2054 fabricandae,
576 1978 618 2042 ad
640 1999 740 2063 quam
755 1976 893 2042 formam
906 1982 941 2043 et
963 1980 1130 2066 exemplar
1144 1979 1264 2044 solum-

217 2077 314 2143 modo
336 2078 477 2167 respicit,
501 2084 540 2145 ut
570 2079 613 2145 ad
646 2080 716 2166 ejus
747 2080 968 2146 imitationem
991 2078 1124 2146 domum
1155 2082 1262 2148 faciat.

218 2180 263 2245 Et
283 2181 463 2269 imaginare
487 2204 560 2247 cunr
582 2182 644 2249 hoc
665 2204 723 2268 per
743 2181 944 2270 impossibile
965 2182 1069 2269 ipsius
1091 2183 1262 2251 architecti

217 2283 359 2349 volentia
395 2284 529 2350 domum
566 2284 725 2351 fabricare
755 2284 962 2351 voluntatem
1002 2285 1053 2351 ita
1085 2291 1261 2374 potentem,

216 2386 303 2472 quod
326 2409 359 2453 sa
381 2388 451 2453 sola
472 2388 619 2475 applicet,
643 2387 817 2453 materiam
843 2388 1047 2453 formandam
1068 2388 1106 2454 in
1129 2390 1262 2455 domurn

215 2490 327 2555 formae
348 2490 385 2555 in
406 2495 519 2556 mente
540 2490 718 2571 architecti,
741 2511 806 2577 qua
827 2490 1044 2578 applicatione
1065 2493 1264 2579 figuraretur

215 2588 250 2654 in
288 2591 430 2658 domum.
491 2592 537 2657 Et
574 2592 754 2680 imaginare
792 2614 866 2659 cum
903 2592 956 2659 his
993 2594 1081 2680 quod
1125 2595 1264 2660 materia

215 2692 331 2759 domus
365 2699 448 2760 esset
468 2694 591 2777 fluida,
628 2717 688 2761 nec
718 2701 829 2783 poaset
861 2718 1052 2783 permanere
1086 2696 1124 2761 in
1156 2699 1263 2763 forma

215 2796 371 2884 accepta²
393 2798 430 2863 in
457 2820 499 2877 aa,
522 2798 552 2863 ai
583 2804 668 2865 esset
701 2798 875 2887 separata³
898 2822 919 2863 a
949 2799 1054 2865 forma
1085 2800 1122 2864 in
1151 2806 1262 2866 mente

215 2900 394 2982 architecti,
417 2901 500 2967 siout
522 2922 608 2987 aqna
629 2900 772 2990 figurata
794 2900 902 2989 sigillo
924 2911 1089 2989 argenteo,
1112 2909 1262 2990 separato

214 3002 331 3090 rigillo,
353 3003 469 3069 statim
491 3002 660 3069 amitteret
691 3005 832 3091 figuram
857 3009 1029 3093 receptam
1075 3003 1263 3091 Imaginare

212 3104 325 3191 itaque
340 3104 547 3171 voluntatem
569 3105 705 3173 artificia
719 3107 938 3194 applicantem
952 3106 1124 3173 materiam
1146 3108 1264 3173 domun

212 3207 255 3273 ed
276 3208 415 3274 formam
436 3208 474 3274 in
494 3213 605 3276 mente
627 3208 805 3288 architecti,
829 3232 897 3275 non
918 3209 1022 3275 solum
1044 3215 1084 3275 ut
1105 3209 1262 3297 perhanc

213 3310 464 3399 applicationem
499 3312 657 3377 formetur
688 3312 724 3377 in
758 3312 899 3391 domum,
934 3302 994 3379 aed'
1025 3313 1126 3399 etiam
1156 3297 1262 3401 appli-

213 3418 341 3479 cantem
359 3414 451 3479 illam
473 3415 511 3493 ei,
536 3414 694 3502 quamdiu
716 3415 831 3481 domus
854 3420 967 3480 manet
988 3415 1025 3480 in
1048 3436 1124 3495 ease,
1146 3415 1261 3482 domus

212 3522 251 3581 nt
284 3516 426 3582 formata
459 3517 495 3581 in
528 3539 596 3583 ease
629 3523 784 3583 servetur.
831 3517 880 3583 Eo
918 3518 1029 3605 itaque
1060 3517 1158 3583 modo
1196 3540 1261 3605 quo

211 3618 315 3685 forna
336 3619 441 3705 hujus,
456 3619 493 3685 in
514 3624 625 3686 mente
647 3619 834 3707 hujusmodi
855 3620 1035 3700 architecti,
1051 3625 1135 3687 eaaet
1155 3620 1262 3687 forma

211 3722 336 3801 domna,
359 3729 409 3787 eat
431 3745 492 3803 ara,
508 3722 579 3789 aive
601 3722 772 3810 sapientia,
788 3724 857 3789 aive
872 3723 1010 3789 verbum
1025 3724 1261 3811 omnipotentia

213 3825 286 3906 Dei,
308 3825 414 3890 forma
437 3825 584 3891 omnium
615 3832 845 3893 creatmarum.
892 3825 971 3914 Ipsa
993 3828 1081 3893 enim
1104 3827 1203 3893 simul
1225 3832 1260 3893 et

202 3927 379 4014 ,exemplar
409 3933 468 4007 eet,
499 3933 533 3995 et
564 3927 703 3995 efficiens
735 3934 793 4008 eat,
825 3934 859 3994 et
889 3927 1033 3995 formans
1070 3934 1129 4010 est,
1160 3936 1194 3996 et
1224 3932 1261 3996 in

156 4015 159 4025 ’
210 4030 315 4097 forme
338 4032 418 4097 data
439 4053 634 4098 conservans
657 4038 716 4113 eat,
740 4032 820 4097 dum
850 4031 894 4097 ad
923 4033 1029 4119 ipsam
1051 4032 1260 4119 applicantur

211 4138 245 4199 et
267 4138 463 4199 revocantur
485 4140 650 4201 creaturae.
697 4134 793 4215 Quod
808 4140 920 4200 antem
943 4156 986 4200 ex
1007 4134 1068 4200 hoc
1089 4135 1258 4201 intellectu

210 4236 339 4303 dicatur
360 4238 451 4303 Deua
481 4237 586 4304 forma
617 4242 845 4316 creaturarum,
869 4237 951 4303 satis
981 4242 1074 4323 patet
1096 4258 1139 4303 ex
1162 4238 1258 4304 dictis

210 4340 400 4429 Augustini,
434 4345 550 4429 utpote
587 4342 708 4429 partim
743 4362 785 4407 ex
825 4340 884 4406 illa
920 4340 1125 4421 auctoritate,
1159 4362 1256 4427 quam

443 4544 607 4552 -n--m--n—
614 4544 689 4551 u...-
693 4544 742 4551 κ...
750 4542 1253 4551 ...ςι---ψ--ψ-...η

243 4664 340 4737 ιιἸΙιιά]
359 4668 456 4733 io,01.
727 4668 734 4805 Ι
784 4670 1001 4736 ’caetaeporoffl
1015 4668 1256 4733 sephamoth„

242 4751 252 4782 ²
269 4748 385 4817 occepta]
404 4758 509 4815 recepta,
521 4748 618 4813 aaa..
629 4749 678 4804 Ox.
756 4748 805 4802 Ox.
