3500 5784
696 879 872 930 rrrsronm.
1273 865 1310 926 ll

265 1060 320 1121 tus
342 1055 461 1120 onimae
483 1055 528 1119 sit
550 1058 623 1120 tots
645 1055 715 1140 ejus
738 1056 931 1133 substantia,
964 1054 1019 1119 vel
1040 1077 1115 1141 pars
1136 1054 1215 1138 ejus,
1240 1054 1313 1119 ubi·

266 1179 393 1243 cunque
415 1162 466 1223 est
488 1156 558 1244 ejus
580 1157 696 1235 virtus,
721 1164 771 1223 est
792 1158 865 1245 ipse
886 1164 968 1236 toto,
992 1155 1091 1244 quiol
1124 1158 1224 1221 etium
1255 1156 1314 1221 ubi

266 1265 317 1325 est
338 1258 432 1347 ejus²
452 1282 535 1346 pars,
560 1266 610 1325 est
639 1261 711 1347 ipso
730 1265 811 1340 totu,
835 1284 910 1327 eum
931 1284 999 1326 non
1020 1261 1066 1326 sit
1086 1260 1314 1347 magnitudine

267 1364 361 1429 molis
383 1364 551 1447 distento3
581 1364 610 1429 si
632 1386 711 1430 vero
737 1364 872 1431 'dicetur
902 1365 1010 1429 virtus
1044 1363 1113 1450 ejus
1143 1386 1213 1429 esse
1246 1362 1315 1449 ejus

267 1468 421 1545 recidens,
445 1490 520 1533 eum
543 1467 691 1534 accidens
713 1489 781 1533 non
809 1468 914 1555 possit
935 1489 1004 1533 esse
1026 1490 1047 1532 e
1064 1466 1209 1553 subjecto
1231 1467 1316 1531 divi·

268 1592 347 1649 sum,
382 1571 592 1658 ubicunque⁸
626 1576 677 1637 cst
709 1570 803 1659 ejus⁴
825 1571 934 1637 virtus
962 1576 998 1637 et
1032 1570 1101 1657 ejus
1122 1570 1316 1636 substantio„

269 1674 334 1739 Sed
356 1675 442 1740 forte
464 1675 522 1761 qui
545 1675 661 1740 dieunt
688 1697 761 1742 eam
784 1675 911 1741 virtute
933 1675 1003 1740 solo
1033 1696 1092 1761 per
1116 1679 1226 1740 totum
1249 1696 1317 1739 eor-

269 1799 329 1865 pus
366 1778 529 1855 diffusum,
568 1778 793 1865 imaginantur
825 1800 898 1845 eom
930 1778 1015 1844 sicut
1046 1784 1206 1865 punctum
1237 1777 1317 1843 lucis

269 1880 369 1946 situm
392 1881 428 1945 in
450 1881 546 1947 eorde
567 1880 623 1945 vel
643 1881 681 1945 in
703 1881 841 1960 cerebro,
864 1881 1008 1967 undique
1030 1902 1051 1945 e
1072 1903 1106 1946 se
1128 1902 1187 1967 per
1207 1885 1317 1946 totum

270 2006 386 2071 corpus
408 1984 517 2050 redies
540 1984 762 2051 diffundentis.
810 1984 893 2050 Haeo
916 1984 1109 2071 imaginatio
1132 2006 1220 2048 vanu
1243 1988 1317 2064 est3

270 2109 337 2152 non
360 2088 448 2152 euim
469 2089 541 2174 ipse
567 2088 695 2152 situalis
730 2092 788 2165 ost,
824 2109 900 2152 cum
933 2087 978 2153 sit
1009 2109 1090 2173 pure
1119 2087 1315 2174 incorporee.

272 2189 309 2255 Si
331 2190 419 2255 enim
449 2194 533 2255 esset
566 2189 702 2268 situatis,
735 2194 845 2276 posset
878 2212 899 2255 o
930 2196 1052 2275 puncto
1087 2195 1184 2255 extro
1217 2190 1318 2254 situm

272 2295 375 2381 ipsius
398 2300 544 2383 sumpto,
567 2295 644 2360 duci
665 2294 754 2359 lineo
788 2294 830 2359 ed
867 2294 980 2381 ipsum,
1013 2300 1048 2361 et
1080 2295 1263 2361 mensurari
1284 2298 1321 2359 et

273 2398 483 2463 determinari
521 2398 618 2465 certis
649 2398 811 2463 mensuris
848 2400 991 2485 spatium
1028 2397 1117 2464 iuter
1149 2400 1255 2485 ipsam
1285 2404 1320 2463 et

272 2505 430 2587 punctum
452 2500 640 2587 signetum3
671 2500 759 2587 quod
781 2500 886 2586 magis
908 2500 1108 2587 impossibile
1130 2512 1188 2582 est,
1222 2522 1320 2588 quum

273 2604 394 2669 lineam
417 2626 510 2692 posse
533 2604 608 2669 duci
631 2626 651 2668 a
672 2607 796 2689 puncto
819 2604 949 2690 signeto
971 2605 1008 2668 in
1030 2626 1162 2691 corpore
1185 2606 1227 2669 ed
1247 2604 1320 2691 ejus

273 2707 448 2773 sanitatem
493 2706 547 2771 vel
600 2706 836 2773 elementorum
884 2707 1233 2773 commensurationem
1286 2712 1321 2773 ct

273 2810 525 2897 proportionem.
570 2810 632 2875 Est
653 2810 767 2895 itaque
790 2808 903 2877 enims
924 2810 962 2874 in
987 2832 1119 2897 corpore
1151 2810 1220 2875 sine
1253 2810 1321 2875 situ

274 2934 423 2999 praesens
447 2912 518 2977 sine
541 2912 610 2978 loco
632 2912 756 2999 ubique
777 2916 860 2993 toto,
884 2911 920 2976 id
951 2916 1009 2991 est,
1046 2913 1117 2978 sine
1139 2913 1321 3001 superficiei

274 3015 451 3081 ambientis
472 3015 578 3101 ipsam
609 3014 915 3101 circumscriptione.
962 3013 1055 3081 Solet
1075 3020 1188 3081 temen
1210 3016 1322 3082 enims

275 3117 350 3197 dici,
374 3139 448 3195 csse,
473 3118 529 3183 vel
550 3118 652 3183 situm
673 3118 801 3199 hebere,
825 3118 861 3181 in
895 3118 954 3182 illo
976 3122 1069 3204 porte
1091 3119 1233 3206 corporis
1263 3121 1322 3185 ubi

274 3220 408 3285 inchoet
429 3220 592 3286 motiones
608 3218 709 3286 suos⁶
723 3241 902 3306 corporeas,
917 3220 1038 3307 quibus
1060 3222 1168 3288 utitur
1182 3223 1219 3288 in
1240 3224 1324 3310 regi·

276 3323 365 3387 mine
386 3323 536 3410 corporis,
559 3327 676 3410 utpote
698 3323 735 3387 in
756 3322 859 3400 corde,
884 3322 962 3408 quio
983 3322 1075 3388 illinc
1096 3323 1231 3390 inchoet
1253 3347 1323 3390 mo-

276 3427 381 3492 tiones
403 3448 581 3514 corporeos,
606 3426 725 3513 quibus
746 3425 855 3491 utitur
878 3426 915 3490 in
929 3425 1127 3492 vivificando
1150 3427 1323 3516 corpore⁰;

276 3529 389 3595 rolin
412 3528 552 3609 cerebro,
588 3530 666 3615 quio
687 3528 779 3593 illino
801 3527 935 3593 inchoet
965 3530 1127 3595 motiones
1157 3553 1325 3618 corporeus

276 3632 396 3717 quibus
418 3632 526 3699 utitur
548 3632 585 3697 in
612 3632 793 3710 sentiendo,
816 3632 870 3697 vol
901 3653 1018 3718 corpus
1050 3654 1146 3699 suum
1179 3634 1326 3699 localiter

277 3736 446 3801 movendo
507 3735 609 3802 Unde
647 3735 683 3800 in
720 3733 845 3800 talibus
887 3735 1092 3801 sermonibus
1128 3737 1325 3803 attribuitur

278 3839 397 3905 animae
431 3839 516 3904 situs
544 3860 611 3904 non
641 3839 698 3924 qui
729 3842 780 3905 est
808 3837 911 3925 ipsius
940 3839 1068 3919 enimae,
1099 3839 1156 3906 sed
1187 3842 1244 3926 qui
1274 3846 1326 3907 est

277 3942 395 4007 radicis
412 3942 567 4007 motionis
582 3962 752 4029 corporeae,
774 3962 873 4027 quom
896 3941 999 4028 ipse⁷‚
1023 3965 1089 4008 non
1112 3944 1241 4009 situolis
1266 3966 1325 4011 nec

279 4045 448 4131 superficie
486 4044 549 4110 loci
582 4044 903 4131 circumscriptibilis,
942 4047 1029 4111 fucit.
1090 4046 1184 4113 Sicut
1214 4053 1326 4113 sutem

279 4148 388 4213 enims
421 4148 491 4213 sine
521 4146 589 4213 situ
622 4168 766 4235 praesens
805 4152 855 4213 est
896 4153 932 4213 ct
972 4149 1043 4215 sine
1081 4149 1159 4230 loco,
1200 4150 1235 4215 id
1265 4158 1324 4229 est,

280 4250 459 4339 superficiei
482 4251 657 4317 ambientis
688 4252 995 4337 circumscriptione,
1034 4252 1158 4339 ubique
1186 4258 1260 4320 toto
1288 4254 1325 4319 in

316 4552 322 4581 ¹
340 4550 412 4618 qaia]
430 4551 553 4603 medin
565 4550 618 4605 siu
859 4552 957 4622 ⁵staur]
975 4570 1024 4609 om.
1037 4554 1137 4617 (200,
1149 4559 1199 4612 Ox.

216 4730 220 4739 ·
315 4632 615 4778 :issirziifiitcrque
859 4673 996 4741 ‘md
1014 4690 1112 4742 WW’
1124 4677 1222 4741 mc*
1233 4679 1283 4733 ⁰²⁴

316 4792 325 4822 ⁴
341 4791 407 4859 ejus]
425 4802 474 4843 om.
486 4792 538 4845 siu
860 4794 869 4820 ⁷
887 4794 956 4860 spes]
974 4810 1022 4847 om.
1033 4795 1123 4850 uuo.
