3500 5784
458 832 525 897 414
791 849 938 901 nossem
958 849 1191 899 esosssrmus

455 1040 522 1105 prae
536 1018 610 1085 eliis
625 1020 781 1087 audacius
795 1028 830 1087 st
844 1024 963 1089 lortius
977 1024 1175 1091 invadentes
1195 1029 1232 1091 et
1244 1023 1512 1111 perimente-¹,

454 1121 548 1187 nulla
569 1127 682 1187 umen
704 1123 738 1187 in
763 1124 944 1191 ministerio
977 1126 1094 1192 bellico
1114 1126 1255 1191 inventa
1274 1126 1309 1190 in
1332 1125 1413 1213 ipsis
1435 1132 1515 1191 tur·

454 1246 583 1289 marum
604 1224 805 1311 principibus
827 1227 1032 1313 negligentia
1066 1233 1127 1292 aut
1162 1228 1294 1313 injuria.
1351 1227 1402 1292 De
1424 1227 1516 1313 ipsis

454 1348 595 1413 namque
625 1328 826 1415 principibus
857 1329 969 1395 David
997 1330 1158 1416 scriptum
1194 1336 1253 1407 est
1291 1329 1379 1416 quod
1407 1334 1515 1394 erant

307 1500 323 1513 η
383 1452 408 1487 n.
454 1426 683 1496 etesiarum·
719 1437 749 1497 el
782 1438 992 1517 perspectores
1034 1431 1169 1518 optioni,
1215 1452 1363 1518 qrwmm
1391 1430 1513 1517 sacia

307 1516 368 1563 '¹⁴’
410 1540 417 1553 '
454 1530 1508 1621 quodsocicohmita,cvslomqwtoapoecmewntibm,

454 1632 603 1717 ecpedili
639 1633 687 1701 ad
721 1636 957 1721 pugnandum
993 1636 1091 1702 corda
1121 1635 1273 1722 perfecto.
1333 1635 1511 1715 Quomodo

453 1734 556 1821 igitur
585 1737 735 1824 episcopi,
767 1736 865 1805 duces
898 1743 1079 1803 castrorum
1110 1736 1208 1819 Dei,⁹
1237 1737 1366 1803 nullum
1387 1760 1447 1825 per
1469 1760 1510 1803 se

453 1858 476 1901 n
488 1860 589 1903 manu
604 1838 716 1905 hostili
731 1840 881 1927 eripient,
903 1841 1033 1906 nullum
1055 1841 1178 1907 vitium
1199 1840 1452 1929 pertrrrbabunt,
1468 1847 1509 1906 et

454 1940 603 2007 occident
621 1941 732 2029 gladio
746 1946 781 2009 et
802 1942 899 2009 hasta
918 1944 1037 2031 rigoris
1066 1943 1291 2009 eccledasticae
1310 1941 1507 2030 disciplinis,

453 2042 519 2109 nisi
547 2044 632 2109 forte
657 2044 781 2111 fuerint
802 2050 944 2111 rectores
965 2044 1028 2111 sub
1049 2066 1084 2111 se
1105 2046 1277 2111 constituti
1298 2044 1508 2131 negligentes

452 2146 582 2213 inventi
605 2153 664 2212 aut
684 2147 856 2233 injuriosil
901 2147 1071 2229 Quomodo
1104 2147 1189 2212 nihil
1220 2148 1305 2215 circs
1325 2148 1413 2233 ipsos
1433 2168 1506 2213 rec·

452 2254 540 2313 tores
562 2248 720 2335 disponet,
737 2250 885 2335 corriget,
900 2255 959 2315 sut
982 2249 1174 2317 reformabit
1194 2250 1364 2335 episcopus
1384 2249 1426 2314 de
1448 2248 1506 2313 his

451 2370 524 2435 quse
539 2349 582 2415 od
597 2350 718 2417 bellum
735 2352 905 2438 pertinent
919 2351 1093 2439 spiritalel
1137 2351 1260 2417 Nonne
1273 2352 1503 2438 episcoporum

452 2458 501 2517 est
523 2452 695 2518 escendere
725 2474 766 2518 ex
796 2453 934 2519 adverso
957 2460 992 2519 et
1013 2475 1177 2542 opponere
1202 2454 1259 2519 se⁸
1288 2474 1420 2521 murum
1440 2475 1504 2540 pro

451 2554 547 2619 domo
585 2554 695 2633 Israel,
720 2562 754 2621 et
790 2562 885 2635 stare,
924 2579 991 2623 non
1021 2557 1131 2643 jacere
1164 2556 1201 2621 in
1234 2555 1349 2643 praelio
1378 2556 1415 2619 in
1446 2556 1503 2621 die

455 2656 612 2725 Dominil

284 2784 417 2837 Druse
499 2760 651 2848 Episcopi
673 2760 766 2827 verbi
789 2760 853 2826 Dei
884 2760 1160 2845 evangelizatores
1188 2780 1263 2824 cum
1288 2760 1503 2845 evangelistis

284 2851 364 2901 ffi¹
313 2852 441 2931 eiuphop·
453 2861 594 2929 coelestis
628 2868 706 2927 sunt
740 2862 903 2943 animulis,
927 2883 994 2927 non
1028 2862 1134 2928 solum
1155 2866 1311 2949 pennata,
1335 2861 1393 2927 sed
1419 2869 1500 2927 onie

283 2918 401 3037 {potoppp'
453 2971 482 3029 el
512 2970 600 3031 retro
623 2964 730 3029 oculis
749 2964 881 3049 plesc,·
910 2970 1056 3051 pennata
1078 2964 1211 3051 quidem
1234 2970 1321 3044 sunt,
1345 2969 1386 3029 ut
1414 2965 1502 3030 sicut

283 3062 385 3127 Aeoess
377 3078 413 3117 Ν·
452 3066 547 3133 docet
570 3066 732 3144 Salomon,
752 3072 898 3153 prepete
919 3072 1015 3133 moto
1028 3065 1229 3132 discurrent
1247 3067 1292 3131 ad
1313 3066 1499 3153 exemplum

285 3166 396 3261 δ’,Μ
453 3167 587 3250 Christi,
603 3166 801 3235 mecedo
811 3190 877 3255 per
891 3166 1044 3235 deitates
1058 3175 1089 3234 et
1110 3168 1245 3235 castello
1259 3189 1328 3236 sure
1342 3169 1501 3246 dimoesis,

284 3275 319 3327 ix.
294 3282 372 3327 ¹·85
452 3278 487 3337 et
530 3269 708 3337 festinent⁴
752 3275 793 3336 ut
836 3270 976 3335 amicum
1016 3292 1112 3336 suum
1150 3271 1318 3348 suscitent,
1348 3271 1410 3337 hoc
1440 3276 1501 3347 est,

452 3374 631 3461 quemlibet
653 3396 722 3441 suse
753 3395 839 3439 curse
862 3372 1077 3451 commissum,
1101 3394 1199 3459 quem
1228 3373 1315 3439 sicut
1347 3394 1383 3439 se
1412 3374 1503 3460 ipsos

284 3480 376 3533 loell-
392 3486 429 3533 1⁷·
451 3476 602 3563 diligumt,
625 3498 739 3542 somno
752 3475 877 3563 peccati
899 3496 1088 3563 oppressum
1108 3474 1283 3559 jacentem,
1306 3480 1342 3540 et
1363 3495 1502 3559 comps·

452 3586 641 3645 ermetem
663 3585 702 3645 ul
720 3579 919 3665 poectum
939 3577 984 3643 ira
997 3584 1136 3644 cursore
1149 3598 1220 3658 asco,
1234 3598 1304 3641 non
1326 3577 1395 3643 solo
1415 3598 1500 3663 prse-

451 3681 624 3749 dicetionis
636 3681 737 3747 verbo
761 3685 821 3746 sut
846 3678 1101 3747 conversationis
1126 3678 1285 3766 exemplo,
1301 3680 1380 3765 quis
1400 3678 1501 3744 multi

452 3806 511 3872 per
531 3784 600 3850 hoec
621 3804 690 3849 non
713 3789 792 3849 eunt
814 3782 1027 3860 suscitehiles
1051 3781 1167 3849 lethali
1189 3802 1304 3847 somno
1327 3780 1501 3846 vehemen-

452 3888 518 3953 tius
541 3886 705 3974 0ppressi3
737 3886 794 3951 sed
817 3891 851 3950 et
872 3885 1016 3950 stimulis
1037 3883 1160 3971 flagelli
1182 3884 1375 3969 castigantis
1396 3884 1501 3970 evigi-

450 3990 519 4055 lsre
534 3988 740 4076 compellant,
768 3986 855 4073 quod
870 3992 911 4051 ut
932 3987 1070 4053 discrete
1091 3986 1197 4052 facere
1218 3986 1354 4073 possint,
1378 3986 1500 4052 oculati

451 4098 531 4159 sunt
551 4091 704 4179 undique,
728 4093 774 4169 ut,
798 4089 885 4157 sicut
906 4089 988 4155 dicit
1018 4088 1200 4175 Gregorius,
1239 4097 1257 4126 ‘⁴
1268 4111 1343 4175 quse
1366 4088 1403 4154 in
1425 4088 1502 4155 aliis

453 4204 471 4233 “
493 4200 571 4263 sunt
600 4192 797 4281 corrigendo,
835 4191 970 4257 valeant
1000 4191 1271 4278 comprehendere
1283 4189 1325 4255 ⁶.'’
1368 4190 1436 4257 Sed
1456 4192 1501 4258 ad

450 4299 529 4387 quid
585 4295 774 4383 corrigendo
824 4294 1103 4383 deprehenderent
1156 4295 1221 4359 nisi
1263 4300 1298 4360 et
1338 4294 1499 4382 conigere

485 4544 491 4573 ¹
501 4542 683 4610 perturbantes]
690 4541 948 4607 peruastantes'l'rin.
1032 4542 1041 4571 ⁴
1051 4541 1184 4607 festinent]
1202 4542 1333 4602 sustinent,
1345 4542 1416 4594 'stin

485 4622 577 4688 'Dess
595 4622 666 4683 dicti,
685 4622 757 4673 Triu.
1034 4620 1265 4688 ‘comprehendes-e]
1305 4622 1501 4686 deprehendere,

485 4703 495 4731 ⁸
509 4704 548 4768 ee]
567 4717 616 4753 om.
628 4702 708 4763 utin,
719 4702 768 4753 Ox.
971 4732 976 4735 -
1000 4700 1091 4757 ccc.
