3500 5784
457 833 523 905 888
776 847 923 902 nonnam
946 846 1175 911 unossmusrn

913 1171 1054 1238 oxvn.

335 1354 406 1401 raas.
457 1337 680 1406 samonem
701 1339 744 1405 iu
774 1339 906 1408 Otmsto
931 1340 1030 1429 potat
1062 1348 1092 1407 et
1121 1340 1262 1409 dome'oo
1291 1338 1508 1419 Imwoeetio,

546 1442 613 1507 Dei
639 1442 756 1529 pretio
784 1464 917 1510 mommo
946 1442 1118 1529 Pontifici,
1152 1443 1287 1509 devotus
1321 1464 1405 1509 eous
1434 1442 1504 1507 Ro-

547 1544 667 1625 bertus,
693 1544 912 1612 duernione
941 1544 1335 1613 damnatissimam
1364 1543 1505 1612 eoeleaioe

546 1646 708 1712 minister
736 1646 890 1729 humitis,
907 1648 1079 1717 batonim
1106 1646 1238 1735 pedum
1267 1648 1380 1715 oemio
1409 1646 1503 1714 devo-

545 1748 686 1815 ttembm.

293 1937 424 2009 monog
505 1916 560 1983 Me
596 1939 725 1983 reverso
762 1918 799 1983 in
835 1918 1003 2006 Angliam,
1042 1926 1231 1987 oecurrente
1268 1920 1401 1986 domino
1433 1919 1502 2003 regi

293 2006 406 2123 mepte
460 2020 684 2086 revertentia
704 2020 854 2108 portibus
876 2021 1013 2101 Wailiae,
1037 2022 1215 2109 habitoque
1246 2044 1320 2088 eum
1344 2044 1383 2088 eo
1405 2042 1505 2087 seere-

292 2074 451 2193 wunebald-
461 2123 529 2189 tius
550 2122 717 2208 oolloquio,
741 2145 815 2189 eum
837 2124 925 2189 inter
947 2130 1064 2189 eastern
1097 2124 1251 2191 dixissem
1289 2125 1320 2189 ei
1354 2145 1413 2209 pro
1435 2144 1504 2187 mo·

292 2204 441 2387 Ξέίηᾞ
461 2225 540 2290 dulo
561 2245 634 2293 meo
655 2224 765 2310 alique
789 2226 891 2291 verba
924 2228 1069 2292 suasoria
1098 2226 1140 2291 de
1174 2227 1368 2305 obedientie,
1400 2225 1503 2291 fideli-

293 2332 579 2494 fflpmpffltgetpl
562 2332 597 2391 et
618 2326 793 2393 devotione
815 2333 935 2393 vestrae
957 2329 1126 2395 sanctitati
1148 2334 1182 2394 et
1204 2336 1324 2409 sanetae
1348 2329 1502 2393 Romanae

536 2430 612 2494 esiae
633 2429 825 2495 exhibendis
847 2436 883 2495 et
912 2430 1130 2509 observandis,
1159 2436 1194 2497 et
1227 2432 1267 2497 de
1300 2432 1439 2495 firmiter
1470 2434 1504 2494 et

293 2413 448 2604 {upuppae
459 2534 647 2597 oonstanter
676 2531 924 2597 adhaerendo
897 2553 936 2613 er,
960 2539 994 2599 et
1016 2535 1158 2599 maxime
1181 2554 1277 2613 nune,
1311 2533 1503 2599 conantibus

460 2632 665 2719 quibusdam,
688 2634 746 2699 sed
763 2636 906 2720 juvente
933 2634 1076 2701 Domino
1109 2634 1272 2715 frustra,
1262 2657 1299 2700 in
1320 2634 1504 2719 tranquilli-

459 2736 542 2801 tatis
564 2736 667 2823 ipsius
687 2737 971 2823 perturbationem
993 2738 1119 2823 aliquid
1141 2737 1267 2817 moliri5
1298 2737 1369 2825 ipse
1391 2735 1503 2821 hujus-

458 2837 547 2904 modi
568 2860 758 2925 responsum
773 2839 866 2905 dedit
880 2840 970 2917 mihi,
987 2839 1120 2907 dioens:
1147 2838 1314 2905 “Domine
1337 2839 1504 2926 Episeope,

459 2949 477 2981 ‘⁴
499 2938 593 3027 quae¹
617 2942 785 3027 pertinent
806 2942 851 3007 ad
872 2964 1024 3008 eoronam
1054 2950 1089 3009 et
1120 2940 1326 3029 regalitatem
1348 2947 1503 3017 nostrum,

460 3050 478 3081 “
499 3043 711 3122 intendimus,
735 3044 819 3111 siout
841 3049 876 3110 et
899 3045 1064 3128 debemus,
1089 3065 1281 3111 conservare
1311 3044 1436 3125 illaesa3
1469 3047 1506 3107 et

460 3153 479 3181 ‘¹
500 3144 722 3213 desideremus
758 3146 846 3233 quod
885 3147 1037 3213 dominus
1076 3148 1167 3235 Papa
1204 3150 1239 3213 et
1272 3146 1405 3213 eeclesia
1438 3146 1506 3211 sint

458 3253 477 3287 “
499 3247 593 3313 nobis
623 3248 660 3312 in
697 3249 758 3315 hae
790 3254 886 3335 parte
921 3250 957 3315 in
992 3248 1216 3336 adjutorium3
1254 3254 1288 3314 et
1324 3268 1385 3335 pro
1416 3252 1506 3313 eerto

459 3356 476 3389 “
499 3349 648 3416 habeatis
670 3350 758 3437 quod
780 3353 913 3417 omnino
936 3358 970 3418 et
993 3373 1120 3439 semper
1143 3350 1370 3430 obedientiam,
1403 3348 1507 3415 fideli-

459 3459 477 3492 “
498 3456 612 3534 tatem,
636 3458 672 3518 et
693 3452 903 3519 devotionem
933 3456 1064 3520 domino
1097 3454 1203 3539 Papae,
1236 3459 1396 3538 tanquam
1418 3452 1507 3539 patri

459 3562 477 3595 “
499 3559 611 3619 nostro
645 3554 794 3641 spirituli,
827 3562 861 3623 et
895 3562 1017 3623 sanctes
1050 3556 1209 3623 Ronianae
1251 3554 1401 3633 eoelesiee,
1432 3558 1507 3621 tan-

459 3663 478 3693 “
500 3679 598 3744 quam
619 3658 728 3737 matri,
750 3658 977 3725 exhibebimus
1000 3666 1035 3726 et
1057 3658 1308 3738 observabimus,
1333 3662 1366 3723 et
1388 3658 1424 3721 in
1439 3656 1507 3722 suis

459 3767 477 3798 “
498 3764 569 3823 tam
591 3760 752 3847 prosperis
775 3782 874 3846 quam
897 3761 1042 3827 adversis
1074 3761 1222 3843 firmiter,
1255 3764 1448 3837 constanter,
1472 3762 1508 3825 et

459 3870 479 3901 “
500 3862 645 3929 fideliter
667 3862 715 3929 eis
736 3862 985 3943 adhaerebimus,
1002 3871 1036 3931 et
1059 3864 1112 3931 die
1139 3886 1204 3950 quo
1224 3862 1293 3928 haee
1323 3884 1390 3927 non
1410 3861 1507 3927 faeia-

460 3972 479 4006 “
501 3988 582 4047 mue,
621 3966 738 4031 demus
772 3966 902 4031 oculum
937 3966 980 4031 ad
1012 3965 1203 4046 eruendum,
1235 3966 1301 4030 imo
1332 3968 1430 4050 eaput
1463 3964 1507 4029 ad

459 4075 477 4107 “
499 4067 760 4155 amputandum
794 4068 882 4133 absit
913 4069 1000 4135 enim
1032 4068 1122 4154 quod
1154 4068 1209 4133 vel
1242 4068 1315 4131 vita
1336 4067 1390 4132 vel
1420 4087 1508 4131 mors

460 4176 480 4210 “
501 4171 555 4237 vel
586 4170 709 4256 aliquid
743 4171 833 4257 quod
863 4171 1008 4237 accidere
1039 4170 1154 4257 possit,
1185 4190 1245 4234 nos
1279 4190 1300 4235 a
1330 4168 1507 4235 devotione

459 4273 697 4360 “spiritalium
719 4272 823 4361 patris
846 4278 881 4338 et
911 4273 1028 4339 metris
1059 4276 1232 4361 separaret
1276 4270 1400 4337 Praeter
1420 4292 1507 4335 oom-

459 4383 613 4442 “munes
648 4396 792 4462 nemque
828 4376 973 4443 rationes
1011 4376 1130 4464 quibus
1180 4394 1290 4440 omnes
1328 4372 1509 4441 Cirdstiani

854 4725 946 4795 1ςιια]
966 4740 1023 4793 quo,
1033 4724 1124 4781 C.0.0.
