3500 5784
756 1236 888 1306 LVIII.

294 1417 520 1490 damiam
549 1422 655 1489 Patri
687 1431 716 1490 et
748 1423 901 1491 Domino
936 1422 1094 1512 &reperio
1127 1423 1195 1492 Dei
1224 1426 1344 1512 pratia
1392 1442 1476 1490 raas?

383 1543 519 1590 sucurre
551 1523 727 1612 Pontifici,
761 1526 934 1606 Roberttcs,
955 1526 1191 1614 percunctatae,
1216 1527 1344 1596 diuino

382 1624 640 1693 lincolniensis
655 1627 796 1694 ecclesius
817 1629 981 1698 cauum
999 1629 1153 1710 humilta,
1171 1630 1343 1698 beatorum

384 1727 500 1794 osculo
517 1727 657 1816 pedum.

338 1906 416 1974 Non
453 1907 559 1975 solum
596 1932 637 1977 ex
673 1911 832 1978 relatione
861 1912 959 1980 famae
996 1911 1088 1999 cujus
1119 1913 1198 1978 odor
1236 1913 1342 1980 bonus
1355 1929 1502 1986 Aleuerto

294 2010 453 2076 mundum
476 2011 589 2100 replet,
565 2011 675 2078 tsed
697 2035 739 2079 ex
761 2017 917 2080 contactu
939 2015 1124 2102 propinquo
1150 2014 1237 2080 mult
1222 1999 1493 2128 tiplicisgglf'yg}e⁴

294 2113 514 2200 experientia,
538 2114 698 2182 veraciter
720 2138 898 2204 agnoscam
928 2117 1115 2182 sanctitatis
1140 2121 1260 2183 vestrae
1290 2139 1381 2182 ze-rn
1354 2133 1500 2195 pmraiseo
1484 2135 1515 2184 or

294 2214 364 2280 lum
392 2215 671 2283 ferventissimum
705 2218 748 2284 ad
781 2217 965 2284 tollendum
1004 2219 1044 2284 de
1079 2219 1178 2284 domo
1206 2197 1398 2314 Dominifflie
1394 2199 1493 2316 „Eg”

296 2340 406 2385 omnes
447 2318 627 2386 abominat'
602 2325 709 2386 tronea
746 2320 938 2410 impietatis,
971 2322 1014 2388 ad
1037 2320 1327 2388 resarciendum
1301 2345 1344 2386 ιι-

294 2417 408 2500 mosa¹,
442 2421 485 2487 ad
516 2420 716 2488 fulciendum
746 2425 887 2506 ruinosa,
918 2425 961 2490 ad
984 2423 1245 2491 confirmandum
1275 2429 1342 2490 sta-

294 2523 382 2604 bilia,
409 2529 444 2590 et
481 2525 667 2591 ornandum
700 2526 858 2605 stabilita,
890 2526 1099 2593 confidentur
1131 2527 1233 2592 audet
1270 2549 1343 2593 mea

293 2627 439 2715 parvitas
462 2628 537 2693 ad'
522 2649 661 2715 Januam
676 2630 764 2695 tanti
786 2629 850 2695 zeli
865 2631 1001 2716 pulsare,
1017 2651 1076 2718 pro
1099 2633 1188 2696 certo
1208 2627 1342 2711 habens,

293 2729 380 2816 quod
392 2727 554 2815 pulsosat'
539 2752 555 2795 c
569 2729 698 2818 oporiet
698 2753 751 2810 ur,
773 2732 860 2818 quod
875 2753 1029 2820 quorsus
1059 2730 1214 2798 deuecta
1237 2735 1267 2797 et
1237 2753 1344 2798 eurr·
1356 2735 1382 2788 S
1395 2737 1468 2791 Mra

294 2829 396 2918 cipiet
414 2837 540 2917 pateus,
566 2832 722 2920 quioquid
755 2833 889 2922 petierit
920 2833 962 2898 ad
995 2833 1110 2900 domus
1134 2831 1198 2898 Dei
1230 2855 1344 2898 emun-
1354 2803 1433 2856 '³¹⁸

294 2935 469 3014 dationem,
507 2934 757 3054 reparationem,
793 2935 1083 3014 confirmationem,
1107 2940 1142 3001 et
1181 2939 1340 3000 ornatum.

295 3039 384 3105 Hinc
416 3043 467 3106 est
498 3039 577 3128 quia
607 3037 651 3105 ad
685 3040 836 3128 praedicti
861 3039 955 3104 zeli
941 3061 1080 3126 januam
1111 3045 1237 3125 quanto
1267 3061 1340 3126 pos-

294 3163 366 3206 sum
395 3147 527 3224 conatu,
556 3141 660 3230 pulso,
686 3143 730 3208 ad
760 3165 855 3208 aures
884 3141 1020 3229 pietatis
1052 3147 1176 3228 quanto
1200 3139 1340 3207 clamore

294 3243 396 3323 valeo,
419 3266 530 3331 preces
551 3243 664 3325 fundo,
689 3267 839 3332 quaerens
864 3247 938 3310 toto
962 3243 1122 3308 desiderio
1153 3243 1342 3308 sanctitatis

293 3351 412 3412 vestrae
441 3346 583 3434 gratiam
615 3345 764 3412 invenire
797 3368 857 3434 pro
888 3345 1047 3410 fratribus
1072 3344 1255 3410 minoribus
1285 3344 1343 3410 ad·

293 3447 544 3514 ministrationis
559 3447 698 3535 Angliae,
715 3447 843 3535 quibus,
860 3451 961 3534 prout
976 3468 1087 3513 eorum
1109 3449 1340 3533 procuratores,

293 3551 505 3638 presentium
525 3547 654 3628 latores,
679 3555 799 3616 vestrae
820 3545 993 3614 sanctitati
1015 3549 1144 3635 plenius
1165 3553 1341 3636 exponent,

293 3657 345 3719 tot
374 3657 408 3720 et
440 3656 553 3718 tanta·
568 3651 691 3719 ordinis
720 3649 896 3716 imminent
924 3648 1069 3738 pericula
1103 3656 1138 3716 et
1171 3649 1347 3738 religionis

293 3777 360 3822 suae
390 3755 612 3834 detrimenta3
644 3751 731 3840 quod
762 3751 828 3819 nisi
857 3776 879 3818 a
909 3751 1094 3818 sanctitatis
1117 3759 1238 3820 vestrae
1268 3775 1346 3842 pro-

292 3857 442 3924 videntia
467 3879 611 3945 congrua
632 3859 842 3944 apponantur
863 3855 1014 3935 remedia,
1038 3855 1178 3922 timetur
1199 3878 1258 3922 neo
1281 3856 1343 3922 im-

292 3962 419 4042 merito,
443 3961 532 4048 quod
561 3961 659 4026 multi
686 3959 728 4025 de
750 3957 986 4024 infirmioribus
1008 3958 1151 4024 abibunt
1180 3964 1277 4037 retro,
1302 3959 1343 4024 de

291 4063 490 4130 firmioribus
520 4063 617 4129 multi
651 4061 882 4129 concutiantur
915 4066 951 4128 et
987 4060 1201 4128 vacillabunt
1247 4061 1342 4126 Divi-

292 4167 389 4234 detur
423 4187 535 4232 eorum
565 4167 677 4231 unitas
708 4187 767 4252 per
799 4163 1024 4244 dissensiones,
1047 4162 1192 4229 referent
1225 4162 1341 4250 pedem

293 4269 389 4336 multi
432 4272 468 4335 et
498 4267 611 4356 magni
647 4267 705 4356 qui
743 4289 855 4334 eorum
899 4265 1052 4332 habitum
1090 4265 1250 4353 suscipere
1288 4263 1343 4331 de-

291 4376 483 4451 creverant3
525 4368 648 4460 peribit
686 4367 807 4435 deeor'
851 4373 927 4434 tant
929 4391 957 4435 re
1000 4365 1177 4456 religionis,
1211 4365 1346 4434 scanda-

763 4611 867 4617 ..,..--
874 4611 879 4615 r
924 4609 944 4614 --
963 4609 1001 4614 --..
1008 4609 1032 4613 ...
1037 4606 1347 4614 ψ..--

324 4766 453 4835 ¹n'moro]
471 4709 581 4829 rdnosa,
594 4767 643 4819 0¹.
817 4765 822 4833 Ι
876 4759 988 4830 ’decad
1009 4761 1162 4815 0111110.οι
1188 4843 1209 4905 2

1136 4860 1165 4908 M
