3500 5784
724 861 903 912 semmam
1086 915 1091 928 ,
1293 851 1334 914 91

292 1033 356 1124 qui
391 1034 511 1122 utiquc
548 1033 687 1122 Mortuus
723 1040 777 1102 est
841 1033 974 1100 Debent
1010 1055 1140 1121 quoque
1176 1035 1340 1122 principes

291 1138 391 1206 seculi
422 1155 525 1204 'nosse
563 1137 652 1224 quod
689 1141 827 1224 uterque
864 1137 1005 1224 gladius,
1042 1142 1114 1204 tam
1159 1138 1339 1204 materialis

291 1241 445 1308 videlicet
460 1263 560 1328 quam
575 1240 743 1328 spiritalis,
761 1239 892 1329 gladius
915 1245 966 1307 est
980 1240 1095 1321 Pet1i3
1117 1239 1175 1306 scd
1198 1241 1340 1327 spiritali

290 1345 400 1432 gladio
434 1348 576 1412 utuntur
609 1344 772 1432 principes
795 1343 938 1412 ecclesiae
970 1343 1028 1428 qui
1059 1343 1166 1410 vicem
1189 1342 1283 1410 Petri
1306 1350 1340 1412 et

291 1449 398 1516 locum
431 1447 523 1514 Petri
556 1451 682 1526 tenent,
707 1469 766 1534 per
797 1447 1015 1533 semetipscs;
1037 1445 1205 1515 materiali
1228 1452 1339 1513 autem

291 1550 403 1638 gladio
451 1553 594 1617 utuntur
639 1548 802 1637 principes
847 1547 990 1616 ecclesiae
1029 1570 1088 1636 per
1123 1571 1259 1614 manum
1306 1556 1341 1616 et

290 1652 509 1720 ministerium
532 1652 718 1741 principum
751 1651 957 1730 secularium,
981 1651 1040 1737 qui
1074 1651 1118 1718 ad
1150 1656 1270 1721 nutum
1305 1657 1340 1718 et

292 1756 540 1842 dispositionem
572 1753 756 1842 principum
786 1753 929 1822 ecclesiae
957 1753 1115 1841 gladium,
1138 1775 1236 1840 quem
1265 1776 1339 1842 por-

292 1863 375 1939 tant,
407 1857 531 1926 debent
564 1859 740 1945 evaginare
773 1862 807 1924 et
841 1858 879 1922 in
912 1858 1020 1925 locum
1043 1878 1140 1930 suum
1161 1857 1339 1927 remittere.

294 1960 389 2030 Sicut
411 1961 500 2028 enim
530 1960 579 2029 sit
601 1959 746 2028 Paulus:
780 1958 947 2046 Princeps
977 1959 1132 2028 secularis
1161 1981 1235 2026 coa
1263 1959 1488 2029 ainamma.

294 2085 398 2132 cuccsu
417 2060 581 2148 gladium
599 2067 715 2150 portat
724 2086 738 2142 ,·
761 2065 797 2128 et
826 2061 1030 2148 subjungens
1052 2083 1192 2153 ceruam,
1215 2061 1337 2130 infert:
1351 2040 1375 2085 ⁴·

292 2164 359 2232 Dei
381 2164 477 2232 cutm
497 2163 660 2236 amurca
681 2170 737 2242 cst,
759 2162 889 2238 ciudcc
913 2163 958 2237 ria
982 2163 1078 2234 trum
1110 2162 1153 2230 ia
1175 2185 1254 2232 cam
1276 2165 1340 2252 quc·

292 2265 381 2334 acala
410 2266 484 2354 ugit
495 2291 509 2347 ,·
531 2271 571 2334 ut
593 2266 697 2354 igitur
730 2266 922 2334 ministrent
951 2265 1032 2344 Deo,
1055 2265 1215 2332 ultionem
1246 2288 1338 2334 exer-

293 2375 402 2436 centes
439 2369 477 2436 in
520 2369 755 2446 malefactores,
800 2368 949 2454 gladium
993 2372 1131 2455 portant
1176 2369 1339 2456 principes

292 2473 459 2544 seculares
505 2471 561 2538 Ad
592 2470 731 2538 eandem
762 2492 892 2556 quoquc
914 2457 1175 2548 similitudinem,
1198 2476 1339 2558 emaque

292 2596 358 2660 pax
392 2579 427 2642 et
460 2579 599 2661 utraque
637 2575 692 2640 lex
724 2573 877 2662 regimini
915 2572 1007 2639 Petri
1044 2579 1079 2638 et
1116 2572 1339 2640 obtinentium

293 2677 399 2744 locum
433 2676 525 2744 Petri
559 2675 730 2742 commissa
751 2679 825 2756 est;
847 2675 906 2742 sed
937 2675 1025 2762 pacis
1051 2675 1250 2763 temporalis,
1275 2698 1341 2762 qua

293 2780 455 2848 socialiter
476 2783 511 2846 et
533 2779 771 2866 imperturbate
801 2775 999 2864 transigitur
1020 2777 1091 2844 haec
1112 2777 1184 2847 vita
1212 2783 1340 2866 tempo·

292 2887 378 2964 ralia,
402 2890 437 2954 et
468 2885 551 2972 legis
573 2881 782 2972 temporalis¹
808 2905 873 2969 qua
894 2881 1023 2948 socialis
1045 2888 1081 2950 ct
1102 2883 1341 2971 imperturbata

293 2992 365 3058 vita
386 2991 557 3059 hominum
588 2989 725 3076 regitur,
749 2987 970 3075 gubernacula
1002 2991 1120 3059 tenent
1148 2995 1183 3054 et
1205 2994 1341 3056 movent

295 3093 412 3162 Petrus
445 3098 480 3158 et
515 3091 585 3180 ejus
606 3091 722 3158 vicarii
753 3090 942 3178 principum
975 3089 1196 3158 secularium⁹
1228 3091 1342 3179 minis

295 3197 378 3262 terio
390 3219 399 3276 ;
421 3195 510 3283 pacis
541 3215 620 3260 vero
658 3191 824 3280 spiritalis,
860 3213 926 3277 qua
962 3191 1075 3258 fideles
1108 3192 1272 3260 uniuntur
1304 3195 1340 3260 in

294 3299 389 3366 corde
422 3319 489 3364 uno
522 3301 556 3362 et
584 3296 694 3362 anima
725 3316 792 3360 una
822 3294 859 3360 iu
882 3294 998 3374 Deum,
1023 3301 1058 3362 et
1078 3296 1161 3384 legis
1182 3296 1341 3383 spiritalis

295 3402 370 3468 huic
402 3401 475 3488 paci
506 3397 725 3484 obsequentis,
749 3397 970 3484 gubernacula
998 3402 1115 3464 tenent
1147 3403 1182 3466 et
1202 3405 1340 3468 movent

295 3505 413 3573 Petrus
441 3509 476 3573 ct
506 3503 559 3568 sui
581 3501 696 3568 vicarii
730 3499 915 3569 ministerio
948 3501 1088 3589 proprio.
1134 3501 1230 3570 Sicut
1252 3503 1340 3570 enim

294 3607 456 3694 principes
504 3605 663 3674 seculares
707 3603 743 3670 in
795 3623 834 3668 eo
880 3603 969 3688 quod
1012 3603 1160 3690 gladium
1204 3610 1340 3692 portant

295 3709 441 3776 vindices
463 3708 499 3774 in
522 3707 607 3774 iram
629 3707 743 3774 ineos
766 3705 824 3792 qui
855 3705 941 3771 male
962 3711 1078 3792 agunt,
1101 3707 1167 3776 Dei
1195 3708 1340 3774 ministri

294 3817 381 3892 sunt,
405 3817 439 3880 et
460 3831 520 3898 per
541 3810 610 3891 hoc,
634 3807 779 3876 ministri
802 3806 954 3889 ecclesiae,
976 3829 1104 3895 sponsas
1127 3809 1271 3890 Christi3
1293 3812 1340 3882 sie

295 3915 395 3982 ctiam
426 3913 463 3978 in
497 3934 535 3982 eo
568 3910 656 3998 quod
688 3909 777 3998 pacis
817 3914 852 3976 et
885 3909 968 3997 legis
1000 3906 1190 3998 temporalis
1222 3917 1340 3980 tenent

294 4015 522 4106 gubernacula,
560 4013 705 4080 ministri
738 4011 801 4078 Dei
835 4017 923 4091 sunt,
946 4035 985 4079 ac
1018 4034 1077 4099 per
1103 4015 1172 4096 hoc,
1195 4016 1339 4084 ministri

295 4119 459 4200 ecclesise;
483 4123 517 4186 et
548 4116 624 4184 ideo
655 4116 692 4182 in
719 4114 847 4202 legibus
879 4115 1000 4202 quibus
1021 4115 1148 4185 utimur
1169 4117 1206 4184 in
1227 4141 1339 4206 pacem

295 4221 506 4312 temporalem
536 4219 714 4306 tranquille
745 4218 947 4296 servandam,
971 4218 1021 4284 nil
1051 4225 1190 4308 possunt
1220 4222 1339 4290 habere

295 4324 494 4400 matianum
527 4323 655 4410 legibus
689 4319 820 4400 divinis,
845 4343 904 4388 seu
935 4321 1064 4407 legibus
1089 4323 1339 4404 ecclesianam

296 4427 445 4494 minister
490 4429 603 4492 contra
648 4445 723 4490 cum
769 4423 849 4489 cui⁸
894 4423 1069 4502 ministrat,
1108 4447 1176 4490 non
1221 4425 1340 4493 debeat

330 4663 775 4732 ¹etleyasmpora1is10mcffl
843 4661 1020 4726 nemausis

329 4745 511 4812 ’maim
528 4743 658 4806 musac,
685 4742 793 4805 (λᾶας
876 4742 958 4810 ’carl
975 4740 1027 4807 uui.
1038 4741 1091 4798 flia
1103 4741 1194 4796 c.c.c.
