3500 5784
520 791 588 856 290
849 807 994 858 nonum
1016 805 1245 858 nnossnrrsrn

520 981 633 1048 eadem
665 983 726 1048 sub
759 983 973 1062 districtione,
1007 983 1165 1074 praedicta
1194 984 1266 1050 vice
1298 989 1334 1050 et
1369 981 1563 1050 aucwritate

521 1089 639 1163 nostra,
656 1107 782 1152 necnon
803 1087 904 1153 etiem
927 1097 960 1154 et
981 1089 1178 1154 auctoritate
1192 1091 1303 1152 vestra
1317 1085 1376 1174 qui
1397 1085 1562 1151 nobiscum

521 1207 632 1252 curam
664 1187 779 1254 salutis
813 1189 992 1256 eorumdem
1025 1189 1146 1278 geritis,
1170 1189 1310 1256 firmiter
1340 1187 1562 1276 injungenw

521 1309 562 1354 ne
584 1311 643 1355 vos
665 1291 719 1354 vel
740 1290 811 1378 ipsi,
835 1293 924 1380 quod
948 1293 1045 1372 absit,
1075 1293 1112 1358 in
1141 1291 1490 1360 excommunicationis
1509 1311 1562 1354 seu

520 1389 656 1478 perjurii
689 1414 747 1458 seu
780 1395 961 1484 utriusque,
983 1395 1072 1483 quod
1101 1394 1194 1483 pejus
1216 1401 1308 1474 esset,
1341 1399 1377 1462 et
1407 1392 1562 1460 malorum

355 1483 494 1600 §⁰⁰2¹st
521 1514 563 1558 ex
585 1493 636 1558 his
658 1497 865 1580 sequentium
887 1497 1043 1564 incidatis
1065 1498 1255 1585 pendulum,
1279 1503 1314 1564 et
1343 1497 1391 1563 sic
1418 1494 1562 1562 siccem

388 1589 394 1602 ’
521 1600 555 1661 et
591 1595 653 1662 hoo
689 1598 788 1664 etiarn
826 1601 963 1666 scientes
997 1606 1033 1666 et
1069 1599 1245 1688 prudentes
1274 1597 1484 1666 moedau
1519 1595 1562 1662 od

521 1697 710 1785 insecutum.
748 1701 793 1768 Et
815 1702 894 1787 quia
907 1709 1130 1791 perpetratum
1152 1703 1276 1771 maium
1297 1725 1366 1769 non
1387 1707 1439 1770 est
1458 1721 1561 1768 coram

522 1799 593 1867 Deo
616 1803 714 1868 venia
735 1803 881 1892 dignum,
904 1803 970 1870 nisi
990 1827 1051 1893 pro
1073 1805 1200 1871 viribus
1228 1827 1348 1885 eorum,
1372 1805 1431 1891 qui
1455 1823 1562 1890 perpe·

521 1909 662 1987 trarunt,
687 1912 857 1973 revocetur
893 1912 928 1974 et
964 1909 1153 1996 corrigatur,
1188 1929 1247 1974 vos
1280 1907 1496 1974 exhortamur
1529 1909 1561 1969 ct

521 2027 697 2088 monemus,
712 2029 750 2076 ac
772 2009 913 2076 firmiter
926 2011 1021 2076 vobis
1035 2011 1245 2100 injungimus,
1261 2011 1420 2098 quatinus
1442 2007 1560 2096 siquid

520 2131 541 2174 a
554 2110 650 2176 vobis
671 2111 707 2176 in
730 2111 968 2178 detrimentum
989 2114 1212 2180 ecclesiasticae
1233 2113 1406 2192 libertatis,
1422 2111 1559 2178 maxime

520 2233 650 2278 cuumm
672 2218 812 2302 tangens
842 2217 1042 2302 praedictam,
1065 2217 1231 2304 hucusque
1256 2217 1379 2281 factum
1401 2221 1460 2294 est,
1483 2213 1559 2280 iliud
1691 2280 1692 2297 χ

520 2315 642 2402 absque
678 2337 778 2383 morae
816 2318 987 2404 dispendio
1023 2341 1082 2406 pro
1112 2319 1238 2386 viribus
1269 2319 1390 2385 vestris
1421 2317 1559 2384 revocari
1691 2305 1692 2322 ¹

520 2419 714 2504 procincti&
737 2426 915 2500 monentes,
939 2421 1158 2498 exhortantes,
1181 2425 1216 2488 et
1238 2419 1449 2508 injungentes
1463 2419 1560 2484 omni·

520 2519 582 2584 bus
604 2525 638 2586 et
659 2521 795 2608 singulis
818 2523 955 2609 capituli
976 2523 1087 2603 vestri,
1111 2525 1267 2610 quatinus
1282 2528 1317 2588 et
1345 2523 1421 2610 ipsi,
1442 2519 1558 2608 siquid

520 2623 685 2688 consimile
698 2625 735 2690 in
749 2645 825 2692 casu
840 2624 1011 2714 praedioto¹
1028 2628 1309 2716 attemptaverint,
1323 2626 1404 2693 illud
1420 2623 1559 2693 revomi

521 2723 671 2794 similiter
693 2731 853 2816 satagunt.
899 2727 1022 2796 Valete.

977 3069 1105 3140 ΧΟΙΙῙ.

262 3221 303 3316 ,f
390 3243 475 3330 ast?
518 3259 690 3346 nonan,
713 3262 780 3332 aa·
800 3265 920 3352 yrun
941 3265 1195 3336 Lemonum
1208 3269 1405 3358 npoaepu
1429 3269 1554 3338 caan

353 3349 507 3471 fflffid‘
607 3365 674 3432 citi
710 3365 753 3434 ira
791 3367 931 3450 otacus,
968 3371 1128 3440 Deam·
1161 3379 1192 3440 ct
1229 3373 1389 3462 Capitale
1425 3373 1558 3455 Samni,

607 3466 762 3638 mm
782 3477 812 3540 et
842 3469 1019 3542 emman
1047 3474 1091 3542 icc
1112 3473 1262 3544 Domino
1295 3475 1451 3545 car-imis
1480 3498 1558 3562 ouo·

353 3716 500 3767 Heussurea

353 3785 396 3835 ne
407 3785 471 3834 aean
563 3737 716 3826 Rogcstis
738 3761 797 3808 nos
827 3748 862 3808 et
891 3743 1084 3812 obsecrastis
1113 3747 1157 3813 ad
1185 3769 1298 3836 pacem
1319 3749 1408 3816 inter
1440 3769 1497 3816 nos
1523 3754 1558 3814 et

352 3851 508 3916 nuncuper
519 3841 698 3928 capitulum
720 3849 870 3910 nostrum
892 3847 1133 3914 reformandam
1153 3849 1212 3915 ut‘
1234 3851 1346 3918 faciles
1379 3871 1440 3918 nos
1469 3851 1557 3918 exhi·

351 3917 486 4034 fhffiffi'
518 3943 668 4010 heremus
674 3970 683 4025 ;
716 3949 846 4012 noverit
877 3955 990 4015 autem
1019 3957 1132 4018 vostra
1164 3953 1297 4020 dilectio
1329 3955 1418 4042 quod
1449 3976 1558 4042 paoem

350 4051 496 4168 33⁰2quin
519 4067 616 4134 super
659 4049 769 4114 omnia
812 4050 965 4118 ardenter
1009 4053 1207 4134 affectamus,
1247 4057 1346 4141 (quia,
1385 4058 1558 4124 secundum

350 4191 464 4250 epm
518 4148 752 4236 Augustinum,
776 4173 841 4238 pax
873 4153 1102 4241 multiplieiter
1133 4157 1221 4223 dicta
1253 4162 1317 4240 est;
1349 4163 1385 4224 et
1416 4165 1466 4226 est
1494 4181 1558 4224 non

519 4251 625 4318 omnis
647 4273 714 4340 pex
736 4275 815 4320 vera
837 4259 872 4322 et
894 4256 1039 4338 honesta,
1063 4259 1120 4326 sed
1141 4261 1252 4348 eliqua
1273 4261 1380 4350 turpis
1402 4267 1438 4327 et
1458 4261 1558 4348 falsu)

568 4465 819 4474 --—-.--—

519 4612 559 4740 13¹
576 4627 636 4662 cosa
647 4611 781 4682 predicto]
799 4627 874 4666 cauco
889 4615 1018 4677 predicti,
1033 4618 1040 4754 ⁴
1097 4621 1107 4652 ²
1124 4621 1163 4690 ut]
1183 4637 1232 4675 om.
1243 4623 1331 4678 c.c.0.

542 4706 619 4745 roun.
