3500 5784
666 887 845 940 nemrouu.
1029 875 1040 886 ‘
1216 878 1280 944 261

236 1057 413 1126 subvenire
456 1064 591 1126 curaret.
647 1059 755 1141 Quam
791 1060 1062 1148 supplicationem
1105 1083 1127 1127 a
1162 1065 1282 1128 vestrae

236 1161 423 1228 sanctiatis
444 1162 684 1229 ferventissimo
706 1163 777 1229 zelo
799 1164 1038 1229 exaudiendam
1059 1163 1128 1229 fore
1148 1163 1185 1227 in
1211 1164 1283 1228 ani-

236 1283 365 1328 marum
386 1265 524 1330 salutem
547 1270 580 1331 et
601 1265 741 1331 firmiter
762 1265 857 1331 credo
880 1270 916 1331 et
937 1265 1088 1332 alacriter
1109 1286 1225 1354 spero3
1247 1247 1283 1332 et

235 1364 314 1450 quia
349 1365 386 1430 in
422 1365 484 1431 hoc
520 1365 694 1432 anchoram
732 1366 802 1454 spei
845 1366 1098 1434 immutabiliter
1134 1367 1205 1447 fixi,
1239 1368 1282 1433 ad

235 1471 354 1534 vestras
397 1469 582 1535 sanctitatis
633 1490 801 1534 reaumaus
846 1467 1037 1548 subsidium,
1082 1468 1177 1534 vobis
1220 1469 1282 1534 sub

236 1569 398 1636 brevitate
428 1569 510 1636 duxi
547 1569 800 1658 significandum
833 1571 921 1656 quod
957 1592 1032 1636 cum
1068 1591 1166 1636 causa
1201 1570 1281 1636 visi-

234 1660 370 1738 tationis
391 1673 435 1738 ad
457 1673 623 1739 ecelesiam
647 1673 827 1740 Lincolnise
849 1673 1065 1760 personaliter
1086 1673 1280 1753 accederem,

234 1795 272 1838 ac
317 1774 437 1842 decano
475 1779 510 1841 et
554 1774 698 1863 capitulo
735 1775 818 1840 mihi
862 1795 930 1841 nou
967 1774 1279 1862 obtemperantibus,

234 1877 469 1944 monitionibus
491 1877 643 1964 plurimis
660 1877 731 1962 jam
760 1876 1029 1965 praecedentibus,
1053 1877 1088 1941 in
1123 1877 1279 1963 quosdam

234 1979 275 2045 de
296 1979 440 2067 capitulo
462 1979 724 2046 animadvertere
746 1979 960 2066 disponerem,
982 1979 1117 2045 tandem
1140 1979 1181 2045 de
1203 2001 1280 2066 pru·

234 2081 383 2148 dentium
405 2081 540 2148 consilio
554 2082 591 2146 in
606 2081 772 2168 quandam
794 2081 933 2147 formam
954 2082 1044 2168 pacis
1058 2081 1279 2160 convenimus,

233 2203 333 2269 quam
354 2188 472 2250 vestrae
501 2182 671 2248 sanctitati
704 2183 896 2248 transmitto
929 2180 1145 2270 presentibus
1177 2182 1280 2248 inter-

232 2287 370 2366 olusam;
392 2286 509 2351 humili
525 2284 699 2351 devotione
721 2285 916 2373 supplicans,
939 2286 1096 2370 quatinus
1117 2286 1153 2350 in
1174 2285 1280 2352 literis

232 2387 410 2454 secundum
431 2392 576 2454 tenorem
599 2387 703 2473 ipsius
725 2409 746 2452 a
767 2409 819 2452 me
841 2392 876 2453 et
899 2386 1043 2474 capitulo
1062 2387 1279 2453 communiter

232 2489 458 2577 impetrandis
499 2493 612 2556 vestra
649 2487 807 2554 sanctitas
852 2487 948 2553 illum
993 2488 1089 2554 nobis
1132 2489 1278 2555 favorem

232 2591 385 2658 exhibeat
407 2612 504 2678 quom
534 2591 571 2655 in
594 2590 733 2656 salutem
754 2589 939 2655 animarum
961 2590 1092 2656 noverit
1113 2591 1276 2677 proficere,

232 2699 267 2760 et
289 2693 461 2782 episcopali
482 2691 606 2770 honori,
630 2692 851 2779 inquantum
881 2692 986 2758 honor
1007 2693 1205 2758 necessarius
1227 2699 1277 2759 est

231 2798 331 2877 oneri,
368 2794 514 2862 viderit¹
549 2795 731 2862 convenire.
776 2793 820 2858 In
850 2815 968 2858 manus
1001 2815 1130 2880 quoque
1160 2795 1277 2880 gratim

231 2898 416 2966 sanctitatis
450 2901 577 2974 vestrae,
609 2917 683 2983 quae
714 2917 886 2984 personam
918 2917 1026 2961 meam
1058 2917 1211 2982 meosque
1241 2903 1276 2964 et

231 3005 343 3066 nostra
364 2999 499 3086 negotia
520 2999 686 3064 uberrima
715 2997 931 3086 benignitatis
952 2997 1120 3062 affluentia
1149 3020 1277 3085 semper

231 3110 281 3172 est
296 3109 474 3192 prosecuta,
499 3101 612 3167 eadem
627 3101 746 3168 devote
761 3099 951 3166 commendo
973 3106 1008 3165 et
1029 3101 1276 3181 recommendo;

230 3207 414 3296 supplicans
435 3209 508 3271 toto
530 3205 651 3270 mentis
673 3203 831 3268 desiderio
854 3207 895 3268 ut
916 3201 1030 3268 eadem
1060 3203 1177 3289 gratia,
1201 3225 1275 3289 qme

230 3311 332 3376 nescit
353 3307 513 3386 imminui,
536 3327 663 3394 semper
684 3305 834 3392 proficiat
856 3305 893 3368 in
914 3310 1135 3391 augmentum.
1181 3304 1275 3371 Inco-

230 3411 415 3480 lumitatem
429 3413 572 3476 vestram
587 3412 757 3475 conservet
771 3406 962 3476 Altissimus
973 3407 1055 3474 mihi
1072 3412 1107 3474 ct
1121 3407 1273 3475 Ecclesia

231 3537 298 3584 suae
320 3535 378 3604 per
398 3518 547 3600 tempora
567 3511 671 3599 longa

604 3906 611 3937 ¹
629 3903 728 3972 tumr]
747 3902 797 3976 a,
808 3902 899 3957 coc.
