3500 5784
280 1162 307 1214 S.
319 1163 393 1215 Μαι.

280 1230 346 1281 xxii.
357 1236 396 1282 13.

280 1361 382 1415 &Luc

279 1428 333 1479 xvi.
346 1434 370 1482 Ξ.

281 2340 324 2391 2⁶·

448 864 512 927 100
780 876 927 927 nonnum
950 874 1176 926 onosssrrsrr

447 1057 616 1140 expeteres
635 1052 678 1118 ab
700 1052 750 1119 Eo
764 1053 1000 1119 villicationem
1023 1053 1186 1138 majorem,
1203 1050 1239 1115 in
1261 1050 1354 1135 cujus
1368 1048 1495 1113 ratione

447 1156 615 1221 reddenda
650 1156 680 1222 si
717 1156 880 1236 deficeres,
918 1155 1035 1243 ligatis
1071 1152 1236 1221 omnibus
1277 1160 1308 1219 ct
1349 1148 1495 1237 pedibus

448 1258 594 1324 mitteret
615 1264 651 1325 te
676 1257 720 1325 ta
741 1260 877 1326 carceris
904 1258 1055 1325 tenebras
1075 1257 1274 1324 exteriores?
1319 1255 1374 1319 An
1398 1256 1495 1340 putas

449 1360 650 1427 Dominum¹
674 1383 743 1427 non
766 1361 932 1429 dicturum
954 1362 1026 1441 tibi,
1051 1360 1151 1427 redde
1172 1360 1343 1427 rationem
1364 1354 1495 1422 cillica·

447 1462 555 1529 temnas
576 1470 670 1531 tuoet
704 1464 802 1530 Dicet
827 1465 965 1550 utique:
994 1484 1092 1550 quam
1115 1462 1143 1528 si
1165 1478 1232 1527 non
1253 1460 1370 1527 reddas
1392 1478 1495 1542 usque

447 1566 490 1631 ad
512 1565 669 1631 ultimum
691 1567 866 1645 minutum,
890 1566 1000 1631 tradet
1022 1570 1057 1631 te
1079 1564 1260 1631 tortoribus
1282 1562 1370 1629 ultra
1399 1580 1495 1624 omno

448 1668 603 1733 ultimum
638 1669 858 1736 cruciandum.
904 1668 1119 1755 Quapropter,
1150 1666 1317 1733 carissime
1348 1662 1430 1727 mihi
1459 1661 1496 1725 in

449 1768 591 1848 Christo,
624 1792 683 1857 per
712 1771 930 1859 aspersionem
965 1769 1134 1857 sanguinis
1167 1769 1250 1834 Jesu
1282 1766 1407 1839 Christi
1437 1761 1492 1847 qni

447 1877 540 1937 totus
570 1872 695 1937 effusus
731 1878 783 1939 est
815 1894 884 1939 non
915 1872 1022 1938 solum
1060 1893 1120 1959 pro
1152 1869 1305 1936 omnibus
1342 1866 1398 1932 sed
1435 1885 1495 1951 pro

448 1974 586 2059 singulis
608 1974 734 2054 ovibus,
757 1980 793 2040 te
815 1975 957 2054 obsecre,
980 1978 1143 2059 quatenus
1165 1992 1224 2059 pro
1246 1970 1396 2058 ampliori
1419 1990 1497 2034 cura

448 2075 564 2160 majori
586 2080 621 2141 et
643 2076 836 2141 districtiori
867 2074 1044 2140 reddendae
1074 2074 1195 2139 rationi
1216 2078 1251 2139 te
1273 2095 1340 2138 non
1363 2071 1494 2157 obliges,

447 2198 490 2241 ne
511 2176 596 2243 forte
619 2178 655 2242 in
677 2178 845 2244 reddenda
870 2178 999 2243 ratione
1030 2176 1189 2255 deficiens,
1213 2174 1355 2242 tradaris
1376 2172 1495 2239 tortori

280 2268 428 2321 ³¹⁸2*-
447 2280 505 2366 qui
539 2285 574 2345 te
606 2280 719 2347 mittat
756 2280 792 2345 in
829 2300 998 2359 carcerem,
1038 2280 1129 2345 unde
1164 2300 1238 2345 nort
1267 2298 1360 2345 coeca
1392 2276 1495 2342 dorae

447 2380 593 2447 reddos⁸
614 2402 718 2468 nsque
740 2382 788 2449 od
809 2381 1042 2449 novissmam
1064 2382 1302 2469 qnodrmttem.

493 2484 599 2551 Novit
622 2484 684 2551 Ille
706 2485 765 2570 qui
799 2490 964 2550 scrutator
998 2490 1050 2552 est
1083 2486 1244 2566 cordium,
1266 2483 1356 2570 quod
1378 2483 1497 2549 timore

446 2587 583 2672 periculi
619 2587 673 2652 tui
709 2593 746 2653 et
779 2587 892 2651 ovium
931 2608 1086 2665 mearum,
1118 2609 1177 2675 pro
1214 2587 1333 2673 quibus
1367 2581 1496 2649 debitor

448 2710 520 2753 sum
559 2710 626 2753 non
663 2689 770 2754 solum
806 2687 909 2753 verba
946 2688 1004 2754 sed
1034 2690 1177 2754 animam
1209 2710 1313 2755 meam
1342 2684 1494 2775 ponere³,

448 2790 518 2856 haec
560 2791 623 2856 tibi
663 2797 799 2879 paterna
844 2790 1050 2857 solicitudine
1087 2796 1123 2857 et
1167 2798 1315 2859 materna
1351 2808 1495 2875 compos-

448 2893 539 2958 sionc
582 2894 787 2980 persuade03
832 2897 867 2958 et
905 2914 971 2979 qua
1006 2894 1178 2959 affectione
1221 2902 1328 2959 mater
1372 2892 1495 2957 retinet

448 2995 647 3059 renitentem
670 2994 844 3080 parvulum
866 3016 909 3060 ne
936 3017 970 3060 sc
992 2996 1106 3061 mittat
1135 2996 1172 3060 in
1205 2995 1432 3083 praecipitium,
1456 3014 1495 3057 ea

446 3102 481 3160 tc
503 3097 533 3161 si
555 3118 681 3183 possem
713 3098 899 3176 retinerem,
933 3098 1010 3165 lioet
1042 3098 1271 3164 reclamantem
1294 3104 1328 3163 et
1348 3098 1493 3162 reniten-

445 3203 524 3279 tem,
547 3220 589 3263 ne
611 3220 723 3265 curam
746 3200 811 3265 tibi
833 3200 977 3265 oblatam
998 3200 1183 3287 susciperes,
1200 3200 1236 3265 in
1251 3200 1303 3267 tui
1325 3205 1361 3265 et
1383 3199 1493 3264 ovium

446 3299 601 3365 illarum⁴
627 3300 851 3367 desolatarum
883 3301 1006 3389 grande
1040 3303 1228 3389 pericnlum.
1274 3301 1338 3367 Sed
1361 3308 1395 3367 te
1417 3300 1493 3366 reti-

445 3422 524 3467 nere
556 3402 725 3468 nolentem
762 3426 829 3469 non
864 3410 988 3491 potero,
1024 3404 1088 3469 nisi
1120 3404 1185 3469 tibi
1215 3404 1386 3469 obstarent
1416 3402 1493 3487 jura

444 3506 608 3582 canonica,
633 3506 813 3572 secundum
836 3528 911 3593 quae
928 3507 1121 3593 judicantur
1142 3507 1253 3573 omnia
1273 3507 1310 3571 in
1331 3506 1494 3571 militante

443 3608 586 3674 ecclesia
633 3608 757 3674 Verum
792 3631 830 3675 eo
861 3609 1021 3675 solicitius
1053 3608 1119 3674 tibi
1151 3608 1333 3675 cavendum
1364 3615 1424 3687 est,
1451 3630 1493 3673 ne

441 3710 527 3777 forte
550 3712 586 3777 in
608 3712 669 3777 hac
691 3722 785 3798 parte
805 3712 871 3778 tibi
886 3712 1055 3778 obstarent
1072 3712 1150 3797 jura
1171 3712 1293 3791 divina,
1317 3713 1493 3777 secundnm

443 3834 518 3898 quae
536 3813 744 3899 judicandus,
769 3814 823 3879 vel
845 3814 930 3880 bene
961 3812 1132 3901 proficiens
1160 3814 1370 3901 judicatums
1392 3836 1434 3893 es,
1458 3816 1492 3879 in

442 3915 669 4002 triumphante
692 3914 835 3981 ecclesia.

476 4254 483 4287 ¹
501 4254 647 4325 Dominum]
665 4259 756 4319 Deum,
770 4260 822 4313 sio.
1026 4262 1036 4293 ⁸
1052 4262 1146 4313 Brown
1157 4263 1247 4315 inserts
1255 4268 1363 4330 parolus
1378 4278 1425 4314 ero.

474 4336 486 4367 ²
502 4336 604 4403 reddas]
623 4354 672 4389 om.
684 4338 785 4401 C.C.C.,
797 4342 847 4392 01.
1026 4344 1036 4375 ⁴
1052 4340 1160 4408 illarum]
1179 4358 1273 4401 sanim,
1285 4342 1336 4393 Sid.
