3500 5784
698 863 874 942 Ειίετοικἶ
1270 847 1336 921 177

275 1036 436 1122 judicant,
460 1037 612 1104 tenebras
636 1060 713 1104 vero
736 1038 880 1126 corporis
902 1039 1008 1126 magis
1027 1038 1204 1106 convenire
1225 1060 1335 1106 neces·

281 1140 443 1206 sitatibus
489 1140 561 1206 Nec
582 1145 693 1207 tamen
715 1142 752 1206 in
774 1141 960 1208 reficiendis
973 1142 1163 1229 corporibus
1184 1148 1221 1208 et
1241 1163 1336 1229 repa·

281 1243 392 1309 randis
412 1265 473 1330 per
495 1244 640 1334 quietem
663 1243 706 1310 ad
735 1242 883 1310 labores¹
907 1248 996 1310 totas
1026 1250 1140 1311 noctes
1161 1251 1334 1332 peragrat,

281 1345 338 1411 scd
360 1345 516 1434 majorem
539 1347 645 1412 noctis
667 1349 796 1434 partem
818 1346 855 1411 in
877 1346 976 1412 sacris
998 1346 1134 1433 hymnis
1155 1351 1191 1413 et
1211 1346 1336 1434 vigiliis

282 1457 412 1514 orantes
434 1448 617 1530 deducunt3
639 1449 843 1515 narrationes
865 1454 977 1515 autem
1006 1455 1193 1516 sancmmm
1216 1471 1337 1516 senno·

283 1573 363 1616 num
410 1550 497 1617 fiunt
541 1552 621 1640 ipsis
658 1573 732 1618 cum
780 1551 1037 1640 cogitationibus
1081 1553 1118 1618 in
1162 1552 1335 1640 allegoriis.

284 1652 401 1719 Omnis
422 1653 511 1720 enim
532 1653 695 1742 legislatio
717 1653 851 1720 videtur
871 1654 925 1720 his
946 1654 1028 1720 viris
1050 1655 1187 1720 animali
1208 1653 1334 1733 similis,

283 1760 318 1820 et
340 1756 457 1842 quasi²
478 1778 594 1844 corpus
615 1757 743 1822 habere.
757 1756 859 1822 verba
889 1757 1051 1836 sonantia,
1075 1757 1169 1823 velut
1191 1757 1335 1822 animam

283 1878 362 1924 vero
405 1859 443 1924 in
479 1858 590 1924 verbis
634 1859 827 1925 sonantibus
871 1858 1074 1925 invisibilem
1120 1858 1334 1925 intellectum.
1462 1934 1465 1939 Α

283 1959 436 2027 Offerunt
457 1961 571 2048 itaque
596 1961 634 2026 in
666 1961 823 2028 sacrificio
854 1961 965 2028 laudis
998 1962 1093 2028 velut
1127 1962 1252 2026 animal
1284 1963 1336 2026 in·

283 2069 414 2150 tegrum
436 2069 471 2130 et
492 2064 609 2130 vivum
631 2069 837 2152 compactum
867 2086 911 2129 ex
933 2064 1044 2130 verbis
1067 2065 1264 2130 sonantibus
1286 2065 1337 2129 in-

283 2165 445 2254 corruptis
466 2171 501 2233 et
523 2166 683 2248 indecisis,
706 2166 800 2232 velut
822 2187 902 2232 sano
924 2172 959 2232 et
987 2166 1118 2255 integro
1139 2188 1272 2255 corpore
1301 2171 1337 2233 et

282 2267 445 2335 indeflexo
470 2269 643 2336 intellectu
664 2292 685 2335 a
705 2270 882 2336 verborum
914 2269 1065 2355 mysticis
1086 2269 1338 2356 significationi·

282 2371 353 2451 bus,
368 2371 463 2439 velut
476 2393 520 2439 ex
533 2372 645 2438 anima
664 2372 809 2438 uniente
856 2372 961 2440 Obori
974 2373 1088 2458 itaque
1102 2371 1336 2438 monachorum

282 2472 406 2539 diaboli
450 2473 636 2540 dissolvunt
681 2473 904 2560 tyrannidem,
949 2479 1122 2562 poetarum
1166 2475 1336 2562 figmenta,

283 2577 425 2663 magicas
439 2582 536 2656 artes,
560 2582 595 2642 et
616 2576 804 2642 divinorum
826 2577 1034 2664 exceptiones
1056 2580 1250 2664 expurgant.
1295 2575 1338 2642 In

281 2679 391 2768 fragili
412 2701 545 2768 corpore
576 2681 855 2748 conversationem
879 2686 997 2746 tenent
1018 2680 1208 2766 angelicam,
1232 2682 1339 2745 omni·

282 2782 345 2847 bus
376 2782 494 2848 mundi
526 2783 624 2850 rebus
664 2783 766 2865 exuti,
813 2783 968 2869 omnique
998 2781 1133 2848 mondo
1173 2780 1339 2868 antistat,
1354 2793 1411 2846 Gau
1421 2794 1456 2846 vi.
1468 2799 1508 2848 14.

282 2885 473 2951 necessariis
492 2890 627 2952 utentes
647 2887 755 2952 solum
776 2885 821 2952 ad
843 2885 1082 2966 necessitatem,
1113 2884 1205 2950 nullo
1227 2889 1340 2950 antem

282 2987 326 3054 ad
355 2987 574 3076 voluptatem,
596 2988 756 3076 eligentes
786 2988 894 3075 magis
920 2988 957 3052 in
990 3009 1053 3053 usu
1084 2986 1341 3054 necessariorum

283 3091 327 3157 ad
370 3092 477 3158 carnis
522 3092 806 3158 mortificationem
874 3091 958 3156 citra
998 3089 1171 3156 medium³
1215 3091 1341 3166 sistere,

283 3198 436 3260 caventes
450 3193 629 3281 plurimum
644 3193 733 3260 ultra
754 3195 935 3282 procedere.
981 3193 1027 3258 Et
1049 3214 1124 3258 cum
1144 3192 1231 3257 nihil
1251 3215 1342 3281 pror.

284 3319 339 3362 sus
360 3295 515 3376 habeant,
539 3296 692 3363 laborant
713 3304 827 3364 tamon
841 3297 884 3363 de
898 3296 1010 3364 labore
1031 3316 1092 3361 suo
1113 3295 1342 3383 indigentibus

285 3399 449 3487 impensas
471 3399 632 3466 invenire.

330 3501 413 3568 Haec
457 3501 498 3567 de
542 3502 681 3589 praefata
717 3501 956 3589 conscriptione
1000 3501 1145 3568 breviter
1180 3506 1338 3579 extracta,

285 3605 378 3690 quasi
419 3603 586 3692 speculum
619 3627 771 3693 parvum,
810 3604 906 3670 vobis
939 3625 1120 3692 proponere
1154 3605 1277 3682 curavi,
1300 3609 1341 3668 ut

285 3705 483 3773 monachicae
505 3707 587 3774 vitae
608 3709 703 3774 velut
732 3708 871 3774 formam
894 3707 1067 3795 parvulam
1095 3707 1132 3773 in
1165 3727 1203 3773 eo
1226 3729 1339 3793 specu·

285 3808 408 3876 lamini.
438 3809 594 3877 Delectat
608 3811 697 3876 enim
714 3810 912 3898 juvenculas
925 3810 1119 3898 plerumque
1134 3810 1339 3897 speculorum

285 3913 452 3993 varietas3
472 3917 593 3979 vestrae
613 3917 725 3978 autem
739 3912 860 3979 animae
883 3917 983 3980 este
1001 3912 1189 4000 juvenculis
1211 3933 1341 3999 sponsae

285 4013 516 4082 assimilantur.
567 4014 654 4095 Quia
684 4015 790 4103 igitur
829 4014 924 4080 velut
953 4016 991 4080 in
1038 4015 1168 4101 speculo
1207 4036 1338 4102 magno,

285 4115 392 4202 plano,
428 4123 462 4184 et
502 4122 640 4196 exterso,
672 4117 709 4182 in
742 4116 858 4205 regula
880 4117 971 4182 beati
1009 4116 1181 4183 Benedicti
1217 4121 1338 4183 vestrae

284 4219 366 4285 vitae
388 4219 668 4308 pulchritudinem
690 4221 810 4307 saepius
832 4220 913 4285 estis
943 4219 1165 4307 contemplati,
1189 4225 1224 4285 et
1245 4219 1339 4286 velut
1388 4235 1397 4252 ·

284 4321 322 4386 in
356 4321 487 4410 speculo
520 4322 714 4408 fulgentiori
744 4323 781 4386 in
815 4321 929 4409 regula
961 4321 1053 4388 beati
1085 4321 1202 4387 Basilii
1235 4328 1269 4387 et
1301 4322 1338 4386 in

285 4423 438 4490 domiina
481 4424 662 4511 exemplari
706 4423 920 4490 historiarum
953 4424 1044 4490 vitas
1084 4429 1218 4510 patrum
1255 4423 1339 4488 refe-

319 4675 327 4706 ¹
346 4673 454 4743 aare]
472 4677 593 4739 laborem,
605 4675 703 4740 0.0.C.,
716 4675 766 4729 01.
868 4674 1009 4742 'sedisfl
1027 4676 1138 4737 modum,
1150 4675 1203 4728 Sid.

317 4755 428 4822 ’φακῆ
447 4771 496 4808 om.
509 4755 562 4809 Sit

1173 4851 1201 4900 Η
