3500 5784
448 828 490 891 40
775 840 923 890 nosram
945 833 1175 889 oaossrrmrs

281 1025 347 1075 Psal.
353 1039 434 1076 xxxv
447 1013 610 1081 dicitur¹:
642 1014 692 1081 la
724 1013 903 1081 lambat
889 1022 949 1081 tao
980 1014 1172 1081 maanes
1204 1013 1331 1083 amm
1388 1016 1470 1081 Et
1460 1037 1497 1079 ru

284 4078 397 4141 prvi.

448 1118 581 1185 aeternis
611 1123 646 1183 et
680 1117 835 1182 increatis
872 1116 1056 1182 rationibus
1086 1118 1316 1184 contuebimur
1348 1118 1496 1183 omnium
1589 1182 1604 1190 ,

448 1242 558 1285 rerum
582 1223 767 1285 creatarum
789 1218 993 1298 existentias,
1017 1220 1149 1299 formas,
1173 1224 1209 1285 et
1235 1219 1367 1307 species,
1390 1219 1495 1296 initia,

447 1322 619 1410 profectus,
643 1324 761 1403 status,
784 1321 1026 1399 declinationes,
1043 1327 1078 1388 et
1092 1322 1397 1389 consummationes
1443 1320 1498 1387 Ibi

449 1424 512 1490 erit
545 1444 637 1489 emor
659 1428 771 1488 noster
794 1424 831 1487 in
854 1423 963 1488 Deum
985 1423 1055 1488 sine
1077 1445 1232 1488 mensura
1254 1428 1288 1489 et
1310 1423 1430 1503 modo;
1460 1422 1497 1486 in

448 1547 561 1594 omnes
576 1529 689 1591 autem
704 1528 739 1590 et
754 1524 901 1612 singulm
916 1530 1081 1590 creaturas
1095 1547 1170 1591 cum
1186 1526 1306 1591 debitis
1321 1524 1497 1609 unicuique

448 1646 601 1689 mensura
634 1626 669 1689 et
702 1623 820 1705 modo,
852 1621 902 1687 ibi
925 1622 990 1687 erit
1012 1622 1049 1686 in
1075 1623 1265 1709 corporibus
1286 1623 1405 1689 levitas
1427 1622 1497 1688 sine

448 1729 601 1817 pondere,
628 1727 759 1813 agilitas
783 1726 854 1793 sine
877 1728 1109 1809 retardatione,
1132 1729 1293 1794 fortitudo
1324 1729 1396 1794 sine
1425 1748 1499 1814 pss-

449 1830 617 1909 sibilitnte,
650 1828 803 1915 splendor
833 1821 927 1894 sicut
961 1829 999 1893 in
1039 1829 1115 1896 sole.
1170 1829 1242 1895 Nec
1273 1830 1338 1896 erit
1368 1829 1406 1894 in
1435 1828 1499 1893 hac

448 1932 655 1998 beatitudine
672 1930 741 1995 ulla
763 1931 928 2016 permixte
942 1929 1077 2009 invidia,
1094 1931 1173 2017 quia
1186 1936 1321 1996 tantum
1340 1929 1500 2018 gaudebit

449 2033 589 2120 quilibet
621 2032 662 2097 de
693 2032 868 2118 cujuslibet
901 2031 1037 2097 alterius
1067 2033 1181 2118 gloria,
1213 2038 1374 2117 quantum
1405 2032 1499 2097 laeta·

449 2136 540 2201 bitur
564 2134 604 2201 de
637 2133 777 2221 propria
823 2133 1038 2199 Solummodo
1061 2133 1110 2199 ibi
1135 2134 1265 2199 deficiet
1287 2133 1440 2211 defectus,
1463 2136 1499 2197 et

449 2236 657 2324 ignorabitur
690 2235 887 2321 ignorantia,
930 2238 966 2299 et
998 2236 1125 2300 tradita
1161 2237 1226 2302 erit
1260 2234 1421 2301 oblivioni
1442 2235 1499 2300 ob-

449 2338 538 2419 livio,
563 2358 650 2402 mors
677 2342 809 2403 mortua
831 2344 866 2403 et
895 2343 1049 2423 corrupta
1079 2337 1253 2423 corruptio.
1299 2336 1354 2402 Ibi
1369 2336 1499 2403 vacabi-

450 2463 523 2505 mus
546 2445 580 2505 et
602 2439 798 2517 videbimus,
826 2438 1014 2505 videbimus
1027 2443 1063 2504 et
1085 2440 1276 2519 amabimus,
1292 2438 1499 2504 amabimus²

450 2546 485 2608 et
507 2542 578 2607 sine
599 2540 666 2606 fine
689 2540 905 2619 laudabimus,
929 2541 1008 2626 quia
1037 2542 1275 2607 misericordias
1307 2540 1442 2606 Domini
1463 2542 1500 2605 in

451 2648 613 2711 aeternum
636 2643 850 2709 cantabimus,
885 2642 941 2708 Ad
963 2642 1034 2709 haec
1047 2643 1153 2728 igitur
1166 2642 1349 2708 ineffabilia
1369 2642 1499 2728 gaudia,

450 2746 593 2811 viriliter
616 2750 650 2811 et
679 2743 916 2810 invincibiliter
937 2744 1151 2824 enitendum3
1182 2747 1222 2809 ut
1243 2743 1335 2807 nulla
1355 2743 1504 2810 retardet.

450 2848 638 2914 obsistendo
672 2848 726 2912 vel
764 2846 918 2911 tenendo
954 2844 1145 2932 temporalis
1182 2846 1374 2923 adversitas,
1406 2846 1499 2911 nulla

450 2949 600 3017 retrahat
635 2947 803 3013 illiciendo
826 2946 1017 3012 illecebrosa
1038 2946 1199 3032 voluptas
1244 2946 1290 3012 Et
1323 2946 1402 3032 quie
1431 2967 1500 3011 non

450 3052 543 3115 decet
565 3053 698 3115 tantum
721 3049 843 3127 virum,
867 3048 998 3114 militie
1020 3046 1152 3135 cingulo
1174 3048 1394 3133 praecinctum,
1417 3048 1502 3113 hanc

451 3152 541 3217 viam
572 3171 647 3236 quae
669 3148 761 3214 ducit
783 3149 826 3215 sd
848 3150 991 3235 patriam
1013 3150 1161 3236 segniter
1183 3148 1305 3236 super⁸
1327 3148 1426 3235 pedes
1448 3150 1499 3213 in-

451 3251 573 3333 cedere,
605 3250 787 3316 ascendatis
818 3270 940 3336 equum
975 3251 1081 3315 sancti
1115 3256 1150 3315 et
1178 3250 1317 3317 calescis
1339 3250 1498 3329 desiderii,

451 3353 543 3438 cujus
574 3352 712 3417 fraenum
744 3351 789 3415 sit
819 3350 981 3431 discretio,
1007 3352 1088 3416 sella
1107 3351 1357 3437 circumspectio,
1381 3352 1499 3439 praevi-

452 3455 534 3519 dens
568 3456 656 3531 ante,
680 3452 922 3525 districtionem
948 3452 1054 3517 futuri
1083 3452 1221 3538 judicii3
1258 3458 1356 3533 retro,
1387 3455 1500 3519 confu-

451 3557 575 3621 sionem
598 3554 761 3641 preeteriti
782 3556 915 3639 peccati
961 3554 1038 3619 Duo
1060 3555 1128 3619 sint
1150 3554 1308 3632 scansilia,
1331 3578 1353 3619 a
1374 3555 1501 3621 dextris

452 3656 629 3734 humilitas,
663 3678 683 3719 a
705 3654 847 3719 sinistris
869 3660 1010 3741 peccata.
1056 3656 1133 3722 Duo
1155 3656 1301 3735 calcada
1324 3656 1361 3721 in
1383 3657 1501 3723 dextm

451 3759 534 3845 pede
567 3756 738 3843 promissio
760 3754 981 3821 beatitudinis
1012 3757 1142 3837 futrum,
1173 3759 1211 3822 in
1237 3758 1370 3823 sinistro
1392 3763 1501 3824 metus

452 3860 616 3947 gehennae.
663 3858 709 3922 ut
731 3858 809 3943 quia
831 3878 901 3923 non
923 3863 974 3923 est
997 3863 1110 3924 tutum
1144 3860 1321 3945 perviam,
1354 3881 1420 3947 qua
1449 3862 1500 3925 in·

452 3962 615 4027 sidiantur
661 3959 831 4045 praedones
879 3960 1083 4038 atrocissimi,
1122 3961 1281 4025 inermem
1327 3962 1499 4029 incedere.

452 4061 644 4130 indatit
546 4059 644 4127 tat
644 4059 677 4125 is
699 4059 807 4127 tuac
824 4060 981 4146 justitior,
997 4062 1121 4127 muniti
1143 4068 1236 4128 acesto
1245 4061 1343 4147 fidei,
1359 4067 1501 4150 protecti

289 4148 326 4203 ¹⁶
341 4146 377 4196 ¹⁷·
451 4164 550 4251 pelea
564 4160 671 4230 sclat'
643 4167 699 4241 t,ae
714 4161 853 4227 accincti
866 4162 986 4248 plodio
1008 4163 1166 4251 apicem
1182 4164 1272 4251 qaod
1294 4172 1341 4232 est
1361 4165 1502 4234 uerbum

485 4544 491 4573 '¹
510 4540 612 4607 dicitur]
632 4540 750 4604 scriptum
762 4546 807 4601 est,
820 4538 910 4593 (lc-C.
1034 4542 1044 4569 ³
1059 4538 1146 4605 super]
1165 4554 1217 4600 sen,
1229 4538 1328 4599 G.C.C.‚
1341 4539 1426 4602 siae
1437 4556 1502 4592 corr.

485 4620 494 4649 ²
509 4618 654 4685 emetiar-r]
673 4633 722 4670 om.
735 4617 825 4671 c.0.c.
972 4553 979 4685 l
1077 4619 1082 4628 '
