3500 5784
508 846 573 911 402
833 860 979 911 nonnam
1002 857 1231 912 oaossnrns'rn

328 1050 420 1100 anthe
506 1034 680 1121 superioris
702 1032 913 1119 speoulatoris
935 1040 986 1101 est
1008 1033 1053 1102 ad
1073 1032 1241 1099 inienores
1262 1031 1503 1118 speculatores,
1531 1027 1569 1092 in
1699 985 1700 1060 ᾖ

327 1124 451 1260 ffiffiss}
505 1136 704 1253 adjutorium
728 1136 779 1253 sui
801 1136 975 1203 ministerii
1001 1136 1065 1203 sibi
1098 1135 1279 1251 adjunctos,
1306 1156 1384 1251 suae·
1408 1131 1568 1221 specula·

329 1249 437 1382 ‘ii-⁶³
506 1235 1570 1425 duddi?ditsstzfltttidffifissduddt

506 1442 609 1507 officio
632 1448 794 1521 vaoentes,
818 1464 873 1509 eos
895 1444 1047 1521 exaitare,
1070 1444 1237 1531 oorripere,
1254 1442 1435 1528 oorrigere3
1461 1461 1569 1527 qnos·
1699 1517 1700 1530 ,

508 1564 572 1629 que
596 1544 634 1609 in
655 1546 838 1613 ministerio
861 1567 920 1612 suo
941 1546 1144 1632 perspexerit
1167 1546 1344 1632 prudentes
1364 1550 1400 1612 et
1431 1542 1565 1619 fideles,
1699 1585 1700 1626 3

507 1646 651 1713 animare
681 1648 724 1713 ad
761 1647 876 1713 melius
907 1647 1052 1735 praemiis
1081 1654 1116 1715 et
1152 1647 1331 1717 laudibusi
1374 1645 1498 1713 Potest
1529 1649 1567 1708 et
1699 1641 1700 1656 ¹

508 1748 695 1834 hujusmodi
728 1750 911 1835 speculator
941 1750 1095 1837 superior,
1118 1755 1253 1837 propter
1281 1748 1403 1835 gradus
1434 1746 1492 1814 sui
1525 1745 1565 1809 in
1699 1761 1700 1830 j

509 1851 638 1936 specula
660 1850 871 1919 eminentiam
893 1858 929 1917 et
950 1851 1040 1919 visus
1062 1851 1115 1917 sui
1145 1873 1281 1918 acumen
1309 1852 1432 1937 inquo
1456 1848 1564 1915 debet

508 1951 741 2019 inferioribus²
763 1954 963 2039 praeminere,
986 1958 1022 2019 et
1035 1958 1169 2041 propter
1191 1954 1400 2039 experientia
1421 1951 1563 2036 majoris

509 2056 664 2142 mojorem
686 2056 847 2142 peritiam,
863 2056 974 2121 omnia
987 2056 1062 2121 visu
1083 2055 1279 2142 perlustrans
1293 2077 1367 2141 quae
1386 2053 1562 2121 inferiores

509 2178 546 2225 oo
569 2163 706 2243 possunt
727 2157 895 2245 speculari,
919 2164 954 2223 et
984 2158 1091 2223 muita
1111 2159 1245 2245 insuper
1266 2158 1310 2223 ad
1340 2179 1416 2242 quae
1444 2155 1561 2221 nullus

508 2282 628 2337 eorum,
652 2259 705 2325 sed
739 2282 798 2325 nec
821 2260 919 2327 simul
942 2260 1089 2327 omnium
1121 2265 1232 2346 potest
1252 2260 1430 2347 speculatio
1450 2258 1559 2325 attin-

529 2384 589 2429 ero.

333 2477 388 2529 The
398 2476 487 2543 bishop
507 2386 529 2450 g
553 2463 637 2529 Oum
671 2464 781 2550 igitur,
820 2470 860 2531 ut
896 2464 1091 2551 praediotum
1127 2469 1187 2543 est,
1224 2466 1392 2551 episeopus
1422 2464 1468 2529 sit
1499 2460 1558 2527 ille

332 2546 495 2663 ffiffl
507 2566 690 2653 speculator
717 2566 774 2652 qui
802 2567 839 2631 in
864 2565 1052 2651 hujusmodi
1074 2566 1205 2653 specula
1226 2568 1425 2653 superioiem
1446 2565 1556 2631 locum

333 2678 472 2729 watehman
507 2670 644 2746 obtinet,
669 2673 702 2735 et
724 2673 863 2737 reotoros
898 2670 1084 2735 animarum
1114 2670 1176 2735 sub
1213 2692 1251 2735 oo
1288 2668 1459 2735 eonstituti
1498 2668 1556 2754 qui

332 2746 463 2879 md·
505 2772 576 2837 loeo
613 2773 764 2839 obtinent
797 2770 959 2849 inferiora,
994 2775 1088 2857 patet
1121 2771 1210 2857 quod
1242 2772 1385 2857 episcopi
1416 2775 1468 2839 est
1497 2791 1556 2855 per

506 2875 674 2961 diligentis
711 2879 745 2939 et
792 2872 975 2959 frequentis
1012 2872 1213 2939 visitationis
1258 2872 1398 2940 officium
1443 2877 1553 2937 totum

507 2977 665 3063 speouluri
695 2975 926 3062 episcopatum,
954 2980 994 3041 ut
1020 2975 1183 3061 spiritales
1213 2975 1403 3061 vulpeculas
1432 2975 1555 3060 ubique

508 3080 615 3165 capiat
637 3078 690 3145 vel
713 3079 846 3163 abigat3
871 3099 932 3143 neo
953 3076 1017 3142 erit
1050 3078 1086 3143 in
1117 3078 1179 3143 hoo
1200 3078 1352 3165 cuiquam
1375 3076 1552 3164 injuriosus

508 3181 564 3247 sed
587 3181 691 3267 magis
713 3180 898 3259 bonefious;
919 3179 1070 3266 ipsosque
1092 3180 1153 3244 sub
1174 3201 1209 3245 se
1231 3181 1428 3245 constitutos
1443 3200 1556 3266 specu·

509 3283 627 3349 latores
664 3282 763 3347 debet
793 3281 946 3347 similiter
981 3281 1182 3347 visitationis
1220 3281 1325 3349 officio
1362 3280 1553 3369 speculari',

509 3392 626 3471 potens
641 3406 699 3471 per
721 3383 910 3469 hujusmodi
932 3381 1049 3449 offioii⁴
1062 3384 1316 3470 speculationem
1329 3385 1366 3451 in
1388 3384 1503 3463 multa,
1518 3383 1556 3449 in

508 3506 582 3571 quae
604 3508 671 3551 non
693 3490 802 3572 potest
815 3484 1009 3551 inferiorum
1030 3490 1175 3569 potestas
1197 3485 1362 3551 ordinaria
1373 3511 1382 3565 ;
1403 3486 1557 3571 quodque

508 3586 597 3673 apud
628 3586 807 3652 Dominum
829 3585 943 3663 vineae,
966 3585 1120 3651 videlieet
1141 3585 1257 3653 Jesum
1281 3586 1457 3665 Christum,
1481 3608 1557 3653 reus

510 3688 581 3765 erit,
604 3689 632 3753 si
654 3687 813 3774 praediota
835 3710 903 3753 non
925 3687 1046 3753 feoeiit.
1092 3687 1208 3755 Cultor
1230 3689 1337 3757 vineae
1362 3695 1413 3755 ost
1435 3690 1555 3775 episeo-

509 3812 578 3877 pus.
625 3788 786 3875 Numquid
809 3791 887 3873 quia
908 3789 1010 3855 habet
1033 3790 1096 3855 sub
1117 3812 1152 3855 se
1174 3790 1349 3877 deputatos
1371 3790 1408 3854 in
1429 3791 1556 3857 oolendi

510 3891 730 3959 ministerium
753 3890 965 3975 coadjutores,
987 3914 1056 3957 non
1077 3892 1201 3979 poterit
1222 3914 1323 3959 manu
1344 3894 1475 3979 propria
1496 3900 1558 3959 aut

511 4016 640 4063 ramum
663 3993 804 4077 ediquem
826 3992 980 4059 inutilem
1003 3994 1199 4074 abscindere,
1222 4001 1282 4062 aut
1304 3996 1422 4063 utilem
1443 3995 1558 4065 fulcite

512 4102 546 4161 et
583 4094 774 4164 fulcimento
804 4094 948 4181 ailigere,
980 4100 1039 4161 aut
1082 4095 1210 4183 spinam
1247 4104 1308 4165 aut
1344 4099 1557 4187 perniciosam

511 4198 646 4263 herbam
684 4196 828 4275 evellere,
866 4203 927 4263 eut
963 4197 1049 4265 eirea
1084 4199 1228 4266 radioem
1264 4201 1407 4287 aliquam
1443 4202 1558 4267 fimum

513 4322 684 4387 apponere,
700 4305 759 4368 aut
783 4300 956 4369 botruma
985 4306 1073 4367 terra
1104 4324 1147 4369 ne
1179 4308 1347 4389 putresoat
1376 4303 1558 4384 sublevere,

515 4402 569 4468 vel
585 4403 758 4488 quicquam
773 4402 960 4489 hujusmodi
976 4404 1019 4468 ad
1034 4404 1295 4471 emendationem
1309 4407 1415 4472 vineta
1430 4405 1559 4473 faeere?

550 4660 557 4690 ¹
574 4660 709 4727 stertentes]
729 4663 861 4723 studentes,
873 4661 945 4715 'hin
1029 4680 1032 4683 ’
1095 4661 1255 4731 'apocalon]
1273 4665 1378 4730 visitari,
1390 4666 1480 4719 (20.ss

547 4740 599 4788 'iu
617 4776 623 4787 .
642 4777 648 4788 .
667 4777 673 4788 .
690 4740 858 4807 insanioridus]
878 4757 927 4792 om.
939 4742 1009 4792 'liin
1028 4797 1031 4803 ¹
1093 4745 1104 4773 ⁴
1119 4743 1208 4809 officis]
1226 4760 1276 4795 om.
1287 4744 1378 4799 dud
