3500 5784
431 826 472 889 96
753 843 900 895 nosram
922 844 1150 897 aaossrmsrs

428 1010 493 1078 Dei
525 1013 614 1099 qnod
644 1014 744 1081 nullis
776 1023 1069 1105 quantumcunque
1098 1018 1206 1105 longis
1239 1016 1401 1106 responsis
1422 1040 1473 1083 ar·

426 1137 525 1202 guero
562 1137 623 1196 me,
660 1116 698 1181 in
734 1117 795 1183 hac
832 1124 934 1207 parte,
973 1120 1133 1187 mendacii
1170 1121 1298 1207 poteris.
1354 1120 1473 1187 Postea

425 1224 537 1283 autem
569 1240 622 1285 me
652 1219 800 1285 insinuas
821 1224 865 1287 ad
897 1222 956 1289 hoc
988 1223 1107 1303 conari,
1130 1230 1170 1289 ut
1192 1223 1364 1289 immotam
1386 1223 1474 1309 leges

425 1322 519 1407 regni
543 1342 602 1407 per
622 1323 767 1389 rationes
790 1322 920 1391 Veteris
949 1316 1182 1391 Testamenti
1207 1324 1286 1390 Non
1306 1325 1368 1390 hoc
1390 1347 1472 1412 prae·

425 1422 535 1489 tendit
556 1425 654 1491 series
676 1424 822 1512 epistolae
845 1426 910 1491 tibi
933 1426 1049 1505 missae,
1081 1426 1109 1491 si
1131 1427 1279 1515 perlegas
1301 1449 1372 1492 eam
1395 1426 1472 1492 sim·

424 1523 501 1611 plici
530 1526 738 1608 intentione;
768 1527 826 1593 sed
864 1550 963 1593 conor
999 1550 1059 1617 per
1095 1528 1266 1616 epistolam
1303 1529 1368 1593 tibi
1399 1550 1471 1615 per·

424 1628 568 1705 suadere,
595 1634 635 1693 nt
656 1628 715 1696 tu¹
740 1628 827 1717 leges
849 1635 886 1696 et
907 1630 1157 1697 consuetudines
1187 1631 1253 1719 legi
1287 1630 1409 1697 divinae
1436 1635 1472 1695 et

423 1730 653 1797 constitutioni
675 1732 900 1800 ecclesiasticae
922 1734 1102 1799 contrarias
1131 1734 1256 1799 coneris
1285 1733 1328 1799 ad
1358 1754 1469 1825 eorum

423 1833 630 1899 concordiam
661 1838 870 1912 commutare,
894 1834 993 1899 simul
1015 1856 1089 1900 cum
1111 1834 1173 1913 his,
1198 1856 1219 1899 a
1240 1840 1275 1901 te
1299 1833 1471 1900 efficaciter

422 1935 592 2021 persuasis,
613 1958 711 2021 penes
733 1958 814 2022 quos
836 1942 887 2002 est
908 1937 1019 2025 legum
1041 1936 1321 2003 immutandorum
1337 1942 1372 2001 et
1394 1958 1472 2001 con-

422 2036 603 2103 dendarum
618 2042 783 2125 potestas3
810 2061 870 2105 nec
892 2044 927 2105 te
949 2038 1055 2105 solum
1078 2038 1198 2104 alicubi
1220 2038 1256 2103 in
1279 2036 1471 2103 transmissa

422 2140 559 2225 epistola
595 2142 797 2207 conditorem
833 2142 944 2228 legum
976 2141 1153 2220 insinuavi,
1185 2141 1272 2227 quod
1309 2142 1346 2207 in
1379 2140 1471 2207 curia

422 2242 525 2328 possis
556 2244 712 2331 quicquid
742 2243 908 2324 volueris3
941 2264 1000 2309 neo
1032 2250 1101 2309 tam
1135 2244 1240 2309 idiota
1273 2264 1347 2310 sum
1381 2244 1469 2329 quod

421 2346 567 2410 credam
587 2346 632 2411 ad
665 2346 802 2433 alicujus
838 2346 1081 2434 suggestionem
1114 2350 1148 2411 te
1182 2346 1234 2411 vel
1267 2346 1369 2411 alium
1398 2345 1469 2411 sine

420 2448 578 2535 principis
600 2454 636 2514 et
657 2454 850 2536 magnatum
873 2447 1008 2515 oonsilio
1030 2470 1124 2536 posse
1146 2450 1233 2537 leges
1255 2450 1393 2515 condere
1415 2449 1470 2515 vel

421 2556 630 2618 commutare.
685 2550 849 2618 Praeterea
880 2551 924 2617 od
957 2551 1213 2617 confirmandam
1245 2552 1329 2617 hanc
1362 2552 1468 2639 legem

421 2654 509 2738 quod
546 2654 722 2720 bastardus
758 2654 820 2720 sub
857 2654 958 2741 pallio
991 2675 1090 2741 supra
1121 2659 1273 2741 parentes
1306 2655 1468 2720 nubentes

421 2760 557 2821 extento
579 2758 705 2845 positus
726 2756 805 2823 inde
827 2757 935 2843 surgit
963 2756 1147 2836 bastardus,
1172 2756 1353 2823 induxistis
1375 2757 1470 2821 testi-

421 2859 567 2924 monium
591 2858 724 2925 Ricardi
746 2860 786 2925 de
811 2858 916 2939 Luci;
946 2858 1038 2945 cujus
1060 2859 1287 2925 testimonium
1310 2864 1468 2945 quantam

421 2964 455 3026 et
478 2962 607 3047 qualem
625 2961 746 3027 habeat
761 2961 1038 3049 comparationem
1053 2960 1119 3027 ad2
1141 2962 1331 3027 testimonia
1346 2962 1469 3027 divinae

252 3072 375 3153 nossa
387 3062 600 3151 1.Scriptu1ae
622 3070 656 3129 ct
678 3065 841 3131 canonicae
863 3063 1082 3131 contrarium³
1104 3063 1323 3142 testificantia,
1342 3072 1359 3098 ‘¹
1371 3062 1469 3150 lippis

252 3146 332 3191 Μ·
419 3171 513 3252 patet
535 3172 570 3231 et
592 3166 806 3232 tonsoribus.”
851 3166 907 3231 Ad
930 3166 1007 3245 haec,
1031 3187 1106 3245 non,
1131 3164 1216 3231 sicut
1238 3166 1404 3230 insinuare
1418 3166 1469 3229 ri-

420 3268 515 3350 deris,
539 3272 650 3334 omnia
671 3274 749 3334 sunt
770 3268 863 3334 licita
890 3291 965 3355 quae
995 3268 1161 3354 hucusque
1185 3288 1206 3331 a
1229 3267 1360 3333 domino
1382 3288 1469 3354 papa

253 3392 279 3443 s.
291 3392 406 3447 Mores„
419 3375 498 3437 sunt
519 3371 699 3459 permissa;
722 3372 889 3458 permittit
911 3371 999 3437 enim
1023 3370 1129 3436 multa
1147 3377 1287 3457 propter
1309 3369 1468 3435 cordium

252 3465 276 3519 ⁴’
288 3466 311 3509 ⁵·
419 3474 603 3556 duritiam,
634 3475 720 3540 sicut
753 3476 882 3560 Moyses
920 3472 1013 3539 dedit
1049 3480 1080 3539 et
1112 3472 1275 3560 permisit
1313 3470 1467 3538 libellum

418 3576 567 3663 repudii.
613 3577 684 3643 Nec
703 3576 800 3642 debes
822 3581 975 3663 reputare
998 3575 1062 3640 tibi
1086 3598 1153 3641 esse
1168 3574 1362 3661 injuriatum
1377 3575 1414 3639 in
1428 3597 1467 3640 eo

417 3680 506 3765 quod
527 3678 700 3767 epistolam
722 3678 786 3745 tibi
808 3677 943 3765 scripsi3
973 3678 1052 3765 quie
1085 3678 1180 3744 novit
1210 3677 1266 3741 ille
1288 3677 1346 3762 qui
1369 3676 1468 3743 simul

418 3786 469 3846 est
491 3781 597 3866 judex
630 3786 665 3846 et
695 3780 801 3861 testis,
823 3780 913 3867 qaod
948 3776 1041 3847 eam⁴
1063 3779 1176 3868 scripsi
1205 3800 1273 3845 non
1305 3779 1349 3845 ad
1381 3781 1467 3866 inju-

417 3884 571 3951 riandum
602 3884 658 3949 sed
689 3884 733 3948 ud
762 3882 1019 3969 justificandum,
1043 3886 1078 3948 et
1112 3890 1146 3949 te
1169 3906 1236 3971 prae
1258 3884 1383 3951 caeteris
1413 3884 1466 3949 cui

418 3986 533 4073 scripsi
555 4009 623 4073 prae
647 3984 775 4052 moris
805 3984 1097 4051 honorificandum
1144 3986 1325 4051 Scribarum
1353 3990 1464 4050 autem

417 4088 561 4154 libenter
581 4094 617 4154 et
639 4088 713 4153 aliis
742 4087 905 4174 epistolas,
929 4088 1014 4153 sicut
1035 4106 1233 4168 commones,¹
1252 4089 1281 4151 si
1303 4088 1465 4153 crederem

418 4191 455 4255 in
488 4192 536 4257 eis
568 4212 622 4256 ma
654 4195 903 4257 consecuturum
935 4190 1035 4257 talem
1066 4190 1210 4256 finctum
1246 4188 1375 4275 qualem
1412 4212 1465 4254 me

418 4294 542 4359 credidi
577 4294 613 4357 in
646 4298 681 4359 ta
713 4292 915 4360 habitmum.
961 4292 1089 4364 Ironicc
1111 4297 1221 4359 autem
1243 4291 1390 4358 adnectis
1411 4312 1464 4357 mc

576 4512 634 4517 --—
642 4512 747 4518 ---..
787 4512 791 4515 -
803 4510 880 4517 mn...
889 4510 906 4517 ..-
920 4510 947 4517 --
1011 4508 1059 4515 ...r-
1069 4510 1094 4515 ⁷.-
1129 4508 1326 4515 -·—--.----—--
1335 4508 1455 4515 ...μ-ω-

1001 4656 1011 4686 ⁸
1028 4654 1186 4720 conburitur]
1205 4652 1336 4716 marafin
1346 4653 1399 4707 sio

1003 4734 1012 4763 ⁴
1028 4733 1092 4797 quod
1101 4734 1167 4799 coar]
1184 4734 1250 4794 ouis
1260 4734 1313 4785 Sid.
