3500 5784
470 812 535 882 878
797 826 943 874 sensnm
966 825 1195 875 ososstrrsrs

471 1001 545 1068 ideo
576 1024 643 1068 non
681 1003 797 1068 visitet
830 1001 981 1066 minister
1013 1001 1230 1088 provincialis,
1263 1007 1299 1066 et
1331 1000 1519 1066 visitatores

471 1105 590 1172 stetuti
628 1107 663 1170 in
701 1104 909 1192 generalibus
952 1103 1113 1190 capitulis,
1152 1109 1187 1168 et
1223 1102 1324 1168 etism
1368 1102 1518 1168 minister

301 1215 428 1294 tnesupe-
474 1207 657 1296 generalisi
702 1207 862 1273 Similiter
883 1207 920 1271 in
942 1206 1057 1270 ordine
1080 1206 1237 1270 Fratrum
1251 1205 1517 1281 Praedicstorum,

300 1285 455 1400 ffiffth⁰
469 1310 620 1396 nunquid
652 1329 719 1374 non
752 1329 865 1374 omnes
896 1308 1064 1396 praepositi
1086 1309 1268 1396 superiores
1289 1307 1432 1372 visitent
1451 1327 1519 1370 eos·

301 1417 444 1468 I’mehen.
469 1411 543 1476 dem
567 1433 650 1496 quos
673 1411 815 1477 visitant
841 1411 1011 1498 praepositi
1033 1409 1224 1476 interioresi
1281 1409 1355 1474 Imo
1388 1409 1450 1473 boc
1470 1414 1520 1472 est

467 1515 555 1600 quod
577 1514 720 1579 maxime
743 1521 916 1580 conservet
936 1513 1110 1600 praedietos
1143 1513 1274 1578 ordines
1295 1513 1331 1576 in
1353 1511 1518 1596 religionis

467 1618 689 1704 perseveranti
711 1617 912 1704 integritate,
937 1618 1025 1703 quod
1046 1616 1200 1681 visitator
1232 1615 1381 1702 superior
1405 1614 1517 1678 visits·

469 1720 550 1784 toris
588 1719 754 1784 inferioris
792 1718 946 1795 delectus,
984 1726 1019 1784 et
1056 1719 1276 1805 impotentias,
1322 1717 1518 1788 omissiones,

469 1843 600 1898 errores,
618 1826 653 1885 et
669 1821 889 1908 negligentius
904 1820 1035 1907 supplet
1056 1827 1092 1886 et
1113 1819 1255 1906 corrigit
1301 1819 1370 1905 Ipsi
1392 1839 1517 1904 quoque

468 1924 658 1989 visitatores
691 1923 861 1987 inferiores
894 1944 933 1987 eo
966 1923 1054 1986 fiunt
1076 1922 1303 2008 vigilantiores
1325 1927 1361 1986 et
1382 1919 1519 2004 diligen-

468 2027 568 2090 tiores
590 2025 625 2090 in
648 2025 848 2090 visitationis
881 2024 993 2098 officio,
1027 2047 1092 2110 quo
1123 2026 1204 2088 certi
1237 2031 1317 2089 sunt
1349 2025 1386 2088 in
1418 2023 1518 2086 lucem

469 2135 646 2192 venturum
682 2149 751 2192 esse
784 2128 864 2212 quid
896 2127 932 2192 in
966 2127 1027 2191 hsc
1048 2133 1142 2214 [sorte
1175 2127 1320 2202 fecerint,
1345 2125 1519 2211 superioris

470 2231 636 2297 visitantis
659 2230 849 2295 ministerio

302 2341 455 2392 Theman·
515 2332 584 2420 Ipsi
623 2334 723 2398 etism
762 2333 911 2398 continui
950 2335 1081 2412 visores,
1112 2332 1174 2398 hoo
1209 2337 1269 2411 est,
1297 2332 1518 2398 immediatam

301 2409 416 2540 fimf,
469 2457 580 2501 curem
615 2434 782 2512 hebentes,
816 2442 850 2500 et
883 2435 918 2499 hi
955 2457 1094 2522 qnorum
1127 2457 1239 2501 curem
1261 2442 1391 2522 gerunt,
1425 2440 1519 2499 tento

301 2542 436 2592 smenon.
469 2537 629 2603 solicitius
662 2537 800 2602 amalis
832 2560 866 2602 se
900 2537 1102 2616 custodiunt,
1136 2543 1263 2622 quanto
1285 2559 1321 2601 se
1341 2537 1465 2623 pluries
1484 2537 1518 2599 in

470 2640 574 2704 lucem
596 2639 822 2725 producendos
844 2639 1073 2725 multiplicetis
1087 2640 1318 2704 visitatoribus
1333 2645 1519 2724 agnoscunt

470 2742 608 2828 Propter
637 2741 698 2806 hoc
731 2741 848 2806 boetus
883 2741 1077 2818 Bernerdus,
1109 2744 1147 2806 in
1179 2741 1383 2806 visitationis
1418 2739 1520 2805 officio

471 2844 724 2934 expertissimus,
748 2845 948 2910 mentionem
979 2844 1101 2910 faciens
1122 2842 1386 2930 inquirentium¹
1410 2866 1432 2907 s
1457 2843 1519 2907 suis

303 2973 328 3022 S.
337 2972 457 3022 Bemsrd.
471 2950 629 3038 episcopis
652 2948 904 3035 exemptionem,
937 2947 1026 3012 inter
1049 2957 1170 3013 caeters
1191 2949 1236 3013 sic
1258 2948 1307 3012 sit
1320 2956 1398 3012 :-“
1406 2949 1519 3013 Certim

302 3039 443 3170 ssfflff
472 3060 491 3086 “
514 3073 587 3118 sum
621 3073 681 3137 ego
715 3049 903 3128 monachus,
948 3055 984 3114 et
1014 3050 1246 3115 monachorum
1278 3051 1519 3136 qualiscumque

301 3178 417 3224 tumes.
474 3163 491 3190 “
513 3154 625 3234 sbbes,
657 3153 684 3218 si
717 3153 781 3216 mei
804 3152 1000 3238 quandoque
1030 3153 1196 3240 pontificis
1217 3175 1239 3216 a
1259 3154 1402 3239 propriis
1423 3153 1521 3216 eervi-

302 3255 358 3304 01'1'·
371 3238 442 3288 “⁰¹¹
474 3257 605 3322 “cibus
643 3259 795 3321 excutere
824 3255 945 3341 jugum
982 3259 1198 3341 temptavero,
1242 3257 1331 3340 quod
1368 3255 1520 3320 Ssthsnae

306 3311 376 3358 Μ’
474 3367 491 3395 “
516 3381 593 3424 mox
616 3357 791 3444 tyrannidi
815 3380 866 3422 me
890 3359 999 3444 ipsum
1026 3358 1160 3423 subicio.
1214 3358 1405 3423 Adveniens
1426 3357 1520 3423 nimi-

307 3483 458 3534 lmese.
474 3470 492 3498 “
516 3483 589 3526 rum
613 3467 749 3526 cruente
780 3461 838 3524 ills
871 3460 985 3537 bestie,
1008 3481 1083 3546 quse
1105 3461 1230 3527 circuit
1250 3483 1405 3546 quereres
1425 3483 1521 3548 quem

304 3557 327 3602 ⁸·
474 3575 492 3600 “
515 3565 653 3643 doceret,
676 3565 863 3650 elongatam
887 3564 1080 3641 custodiam,
1114 3563 1187 3641 heu,
1211 3565 1326 3629 stetim
1349 3566 1456 3630 insilit
1487 3567 1520 3628 in

475 3679 491 3702 “
515 3671 792 3754 praesumptorem.
852 3666 974 3730 Merito
997 3668 1084 3730 enim
1106 3688 1173 3732 non
1195 3668 1395 3733 cunctatur⁹
1416 3669 1522 3755 praesi-

303 3795 362 3847 Jos.
375 3793 418 3845 sti,
475 3777 492 3808 “
515 3771 591 3836 dere
622 3769 771 3854 superbo,
808 3769 863 3854 qui
903 3791 936 3833 se
970 3770 1046 3854 jure
1086 3791 1196 3854 sepem
1225 3771 1387 3856 gloriatur
1423 3793 1522 3857 siper

305 3868 345 3912 ²⁵·
474 3881 492 3910 “
517 3895 631 3938 murres
645 3871 743 3956 filios
765 3871 942 3957 superbire.
999 3872 1082 3952 Quis
1113 3872 1209 3937 dsbit
1230 3874 1312 3937 mihi
1335 3880 1468 3939 centnm
1489 3876 1521 3938 in

474 3984 492 4012 “
515 3975 580 4040 mei
611 3973 792 4039 custodium
824 3974 977 4060 deputari
1014 3981 1184 4060 pastores?
1244 3976 1380 4056 Quanto
1417 3977 1523 4062 plures

476 4077 622 4143 “sentio
657 4097 768 4142 curem
801 4097 915 4162 gerere
949 4077 1025 4156 mei,
1069 4083 1165 4142 tsnto
1197 4079 1342 4144 securior
1378 4101 1459 4144 exeo
1488 4080 1522 4143 in

476 4193 492 4216 “
515 4202 643 4268 pascus.
690 4179 861 4266 Stupende
883 4179 1034 4244 insanis!
1080 4181 1277 4244 Animarum
1300 4203 1369 4246 non
1391 4191 1524 4247 crmetor

476 4293 493 4320 ‘⁵
517 4283 632 4348 turbes
666 4281 749 4346 mihi
779 4282 1009 4346 custodiendas
1032 4282 1191 4368 colligere,
1223 4288 1259 4349 et
1292 4305 1396 4348 unum
1430 4307 1524 4371 super

477 4397 493 4422 “
516 4386 683 4473 propriam
705 4405 826 4472 gravor
848 4383 969 4450 habere
992 4385 1179 4449 custodem!
1225 4385 1271 4449 Et
1295 4387 1430 4472 quidem
1452 4389 1524 4453 sub

810 4609 877 4616 ...η--
892 4611 941 4616 -ι
956 4613 961 4616 .
974 4611 1211 4618 -—-—---—.
1226 4613 1230 4618 .
1250 4613 1369 4619 .-—-—-
1383 4613 1519 4620 F—

511 4747 516 4775 ¹
537 4745 717 4812 inquirentium]
737 4745 897 4812 inquirentes,
908 4745 999 4812 Triml
1046 4749 1213 4815 2secreturus]
1232 4751 1391 4813 permittitur,
1404 4751 1474 4801 'liin
