3500 5784
684 865 863 944 nersronn.

713 1163 835 1272 LXVI.

264 1325 346 1395 Viro
374 1329 566 1410 venerabili,
597 1328 738 1398 ameno
767 1329 928 1398 Joaaae
953 1329 994 1396 de
1027 1327 1211 1396 Ferentino
1242 1324 1300 1392 do-
1346 1331 1433 1382 ¹28⁹?

344 1427 439 1498 mini
482 1427 589 1519 Papa
633 1431 828 1514 materaria,
867 1431 1032 1500 aetenae
1081 1426 1299 1497 miseratione

344 1529 470 1602 divion
499 1529 757 1602 Lacetanos
792 1530 931 1603 mehele
960 1532 1120 1601 aanor
1145 1528 1299 1611 humilia,

344 1637 488 1706 suanm
510 1643 541 1706 et
562 1629 797 1706 numeramini
818 1630 969 1705 domino
991 1633 1212 1705 dilectionem.

301 1798 483 1866 sufficienti
513 1800 609 1866 nobis
631 1805 760 1866 constat
781 1800 987 1881 certitudine,
1010 1799 1100 1886 quod
1121 1803 1232 1865 vestre
1253 1797 1302 1862 di·
1314 1807 1456 1860 Thanksto

256 1902 353 1967 lectio
386 1903 518 1982 sincera,
554 1925 627 1990 quoe
660 1924 720 1968 nos
752 1924 820 1969 non
850 1903 971 1968 nostris
1004 1903 1131 1968 meritis
1161 1901 1219 1967 sed
1241 1875 1461 1992 “ualenddnisr

256 2003 405 2070 bonitate
437 2003 558 2071 arctius
590 2010 641 2071 est
673 2005 901 2122 amplexata,'
892 2027 929 2071 m
951 2005 1097 2072 adventu
1128 2008 1238 2069 vestro
1260 2002 1437 2126 d⁰⁸i¹⁰¹¹„,⁰„,¹¹¹⁶

257 2107 378 2173 nostris
399 2101 550 2195 partibus
572 2107 616 2174 ad
637 2101 761 2173 curiam
783 2113 818 2173 et
840 2108 994 2174 continue
1017 2107 1176 2194 deinceps,
1191 2075 1452 2193 113111111-ῦωωίωωωᾱεξ

258 2229 352 2275 orum
373 2209 468 2276 nobis
490 2209 735 2276 detrahentium
757 2215 791 2276 et
812 2215 960 2276 nostram
993 2211 1191 2297 parvitatem
1213 2207 1302 2295 apud
1313 2215 1426 2270 meare,

258 2311 476 2379 sanctissimos
490 2319 608 2400 patres,
624 2335 789 2378 summum
802 2312 956 2379 videlieet
971 2313 1162 2379 Pontificem
1176 2303 1303 2397 sibique
1314 2275 1472 2407 mhi,

258 2413 445 2481 assistentes
466 2413 654 2498 cardinales,
672 2411 804 2482 omnino
827 2415 997 2482 adnullare
1012 2412 1229 2495 molientium,
1245 2409 1416 2478 omousion
1418 2415 1472 2459 Η*

259 2511 363 2582 livida
384 2517 625 2596 obstruxit&
591 2522 625 2583 et
658 2517 771 2585 emta
799 2538 930 2585 eoram
952 2517 997 2584 ia
1033 2516 1112 2585 ονει
1147 2515 1304 2604 insomne
1314 2476 1422 2616 {2⁰:23
1435 2567 1458 2615 7

260 2617 430 2700 meavit,
454 2613 623 2708 molosque
652 2614 840 2708 eonsreyim
877 2611 1090 2707 adjecitque
1081 2641 1223 2706 msnper,
1245 2640 1306 2684 nos

260 2721 339 2788 licet
359 2721 512 2810 indignos
534 2721 622 2810 apud
644 2722 749 2788 dictos
770 2728 881 2810 patres
903 2721 1123 2788 sanctissimos
1148 2719 1306 2808 multipli-

262 2823 342 2890 citer
368 2821 550 2890 collaudare
572 2828 607 2891 et
628 2822 891 2892 benevolentiam
913 2825 1069 2890 adversus
1091 2847 1151 2890 nos
1165 2829 1305 2911 captare,

262 2927 467 3015 negotiisque
497 2927 675 2994 nostriset
698 2929 839 2995 eoalesiae
869 2929 1054 2994 modicitati
1075 2933 1197 2994 nostrae
1219 2948 1306 2993 oom-

263 3029 371 3097 missae
403 3023 625 3117 expediendis,
660 3031 703 3096 ad
732 3030 889 3096 honorem
923 3031 988 3096 Dei
1008 3036 1045 3096 et
1067 3032 1207 3097 sulutem
1237 3029 1308 3094 ani-

264 3155 400 3214 marum,
422 3129 551 3198 salubre
571 3133 790 3199 consiliumet
805 3131 920 3198 effioax
934 3133 1097 3200 auxilium
1110 3133 1310 3199 inoessanter

265 3241 428 3321 praestere.
474 3234 589 3299 Tantis
611 3233 776 3300 benefieiis
798 3256 871 3299 oum
894 3235 1026 3320 ipsimet
1047 3256 1115 3300 non
1133 3236 1311 3301 habeamus

265 3336 354 3423 quod
375 3335 574 3424 condignum
596 3336 826 3418 retribuamus,
851 3336 1017 3402 orabimus
1047 3359 1173 3424 semper
1196 3336 1312 3402 Omni·

266 3443 444 3527 potentem,
478 3439 534 3525 qui
566 3438 653 3504 solus
684 3443 805 3526 potest,
839 3439 969 3517 enitet
998 3438 1080 3518 vult,
1115 3461 1184 3504 non
1205 3439 1312 3504 solum

266 3541 426 3628 condigne
448 3541 505 3606 sed
530 3562 628 3627 supra
650 3539 848 3626 condignum
870 3541 982 3606 omnia
1002 3562 1218 3622 remunerare,
1234 3561 1312 3627 qua-

266 3643 357 3708 tinus
379 3643 448 3729 ipse
470 3647 613 3708 vestram
642 3647 827 3708 remuneret
858 3641 1106 3709 beneficentiam
1135 3642 1314 3709 seumdum

266 3743 479 3810 latitudinem
507 3740 672 3832 largitatis
696 3762 770 3811 suee.
826 3743 872 3810 Et
894 3743 972 3831 quia
1005 3744 1152 3811 radicata
1182 3743 1313 3810 dilectio

265 3845 461 3913 naturaliter
492 3845 653 3935 expandit
684 3868 719 3912 se
752 3847 954 3913 incessanter
983 3841 1020 3912 in
1050 3845 1184 3913 latiores
1205 3868 1313 3912 ramos

267 3947 565 4028 beneficentiamm,
581 3947 724 4014 maxime
739 3969 813 4015 oum
829 3945 967 4038 supplici
989 3946 1202 4036 gratitudine,
1220 3949 1315 4016 velut

269 4071 340 4117 rore
363 4051 504 4138 quodam
525 4051 682 4139 irrigatur
694 4075 703 4134 ;
737 4057 861 4138 quanta
894 4072 1067 4139 possumus
1099 4055 1195 4139 grata
1216 4051 1316 4117 devo·

269 4153 360 4219 tione
394 4153 620 4241 supplicamus,
652 4153 808 4241 quatinus
841 4175 881 4220 ea
912 4176 986 4241 quae
1008 4154 1049 4220 de
1070 4158 1190 4220 vestrae
1220 4153 1316 4218 dilee-

270 4255 372 4321 tionis
401 4256 509 4322 radiae
538 4254 737 4344 jampridem
768 4257 1022 4344 pullulaverunt,
1056 4258 1094 4322 in
1125 4255 1316 4344 ampliorem

271 4358 424 4424 eontinue
468 4364 689 4446 propagentur
732 4357 953 4426 latitudinem.
1021 4358 1141 4427 Valeat
1184 4356 1317 4423 dileetio

270 4465 380 4526 vestra
401 4460 439 4525 in
460 4459 611 4528 Domino.
