3500 5784
455 805 520 874 178
779 817 927 868 acnuam
949 816 1179 868 oaoeenrsmn

452 995 620 1061 rentium:
651 995 681 1060 si
702 994 746 1060 ad
767 994 829 1061 hoc
850 995 1018 1082 speculum
1041 996 1147 1074 breve,
1171 1015 1210 1062 co
1232 992 1321 1082 qnod
1344 995 1439 1082 quasi
1461 993 1501 1060 de

450 1097 621 1186 peregrina
655 1095 804 1164 delatum
844 1103 897 1164 est
929 1099 1071 1184 regione,
1104 1097 1269 1186 paulisper
1301 1097 1502 1164 convertatis

450 1200 622 1278 intuitum,
660 1221 728 1266 uon
764 1200 864 1267 debet
900 1207 1010 1267 vestro
1047 1201 1159 1266 studio
1205 1223 1275 1268 esse
1319 1199 1500 1266 taediosum.

451 1302 538 1370 (lum
560 1307 671 1369 autem
685 1307 784 1370 tanta
803 1302 850 1368 sit
863 1302 945 1370 vitea
966 1304 1166 1372 monachicae
1189 1304 1375 1370 sanctitatis
1398 1303 1501 1370 excel-

450 1405 564 1486 lentia,
600 1406 675 1492 qm's
710 1427 779 1472 non
815 1406 911 1472 videt
943 1429 1043 1493 quam
1077 1407 1122 1472 sit
1158 1407 1336 1487 dissonum,
1368 1407 1397 1472 ei
1435 1427 1499 1472 non

450 1509 495 1575 sit
531 1508 772 1574 sanctificatum
801 1509 1034 1574 monachorum
1072 1509 1296 1590 servatorium,
1333 1508 1396 1574 hoc
1442 1515 1500 1589 eet,

450 1611 711 1676 monasterium?
759 1610 893 1676 Dicitur
926 1611 1013 1676 enim
1047 1612 1281 1678 monasterium
1303 1634 1325 1678 a
1341 1612 1500 1678 monacho

450 1719 486 1778 et
513 1715 604 1802 reple
623 1713 724 1780 verbo
739 1712 862 1790 Graeeo,
887 1715 978 1799 quod
1009 1719 1105 1780 sonat
1128 1714 1247 1781 Iatine
1278 1735 1378 1781 servo.
1424 1713 1499 1780 Non

451 1815 556 1904 igitur
587 1837 662 1882 cum
695 1838 869 1894 murmure,
905 1817 962 1882 sed
996 1839 1070 1884 cum
1102 1815 1246 1905 magna¹
1281 1817 1424 1904 spiritali
1450 1817 1500 1903 jo-

451 1919 632 1997 cunditate,
669 1920 863 1986 monasterii
906 1921 1010 1986 vestri
1043 1919 1336 1985 sanctificationem
1379 1919 1499 1987 devote

283 2044 324 2094 12⁸,
337 2048 398 2098 xcii.
412 2054 434 2100 5,
450 2021 645 2109 suscipiatis,
683 2022 903 2110 recogitantes
940 2021 1029 2110 quod
1060 2021 1202 2088 marn
1234 2021 1383 2088 Domini
1413 2021 1499 2088 decet

449 2123 652 2204 aorwlitudo,
675 2147 750 2212 quae
784 2127 949 2192 orationes
980 2125 1146 2191 orantium
1168 2123 1206 2190 in
1228 2147 1266 2191 ca
1288 2123 1445 2192 fortificat
1466 2129 1500 2190 et

448 2227 529 2294 facit
562 2227 776 2309 exaudibiles,
810 2232 948 2294 enervat
979 2233 1014 2294 et
1051 2227 1176 2315 effugat
1208 2227 1374 2314 nequitias
1404 2227 1500 2314 spiri·

448 2331 540 2410 tales,
589 2329 718 2396 asciscit
762 2331 967 2418 Angelorum
1012 2329 1319 2416 frequentationem,
1365 2329 1499 2417 Ipsique

449 2433 592 2498 Domino
636 2432 841 2520 Angelorum
884 2434 928 2498 ad
976 2431 1230 2500 inhabitandum
1267 2438 1320 2498 est
1355 2433 1499 2521 gratiosa

447 2537 654 2625 praeparatio.
699 2536 746 2603 Et
766 2537 841 2623 quis
862 2541 1073 2624 suscepturus
1105 2541 1272 2601 terrenum
1294 2556 1406 2623 regem
1428 2535 1501 2600 hos-

447 2641 539 2726 pitio,
566 2660 634 2705 non
657 2639 800 2706 mundat
832 2639 924 2718 illud,
952 2639 1115 2718 honestet,
1150 2642 1185 2704 et
1218 2639 1350 2704 decorat
1384 2637 1498 2718 modis,

447 2741 583 2819 viribus,
607 2747 642 2808 et
671 2741 829 2829 impensis
858 2741 980 2828 quibus
1001 2745 1132 2828 potest3
1164 2761 1232 2806 non
1254 2741 1361 2828 parcit
1382 2740 1499 2807 labori·

445 2844 516 2924 bus,
550 2867 618 2911 non
650 2845 758 2931 parcit
788 2845 948 2931 musis,
972 2844 1075 2910 donec
1108 2843 1336 2910 habitaculum
1376 2866 1499 2932 praepa-

444 2951 537 3013 retur
550 2945 736 3034 quantum⁹
750 2947 822 3012 fieri
843 2951 955 3034 potest
976 2947 1067 3012 omni
1083 2945 1288 3014 decoratione
1307 2951 1501 3034 occeptuml

446 3049 489 3114 In
506 3051 704 3115 monasterio
719 3057 828 3116 vestro
850 3051 1007 3117 continue
1021 3049 1152 3116 habitat
1167 3049 1240 3116 Rex
1254 3050 1417 3128 caelorum,
1432 3073 1499 3116 non

444 3151 551 3217 solum
572 3174 630 3240 per
652 3152 873 3235 divinitatem,
897 3153 954 3219 sed
976 3153 1012 3218 in
1042 3153 1253 3220 Sacramento
1284 3151 1500 3220 Euchmistiae

445 3276 504 3341 per
525 3276 639 3321 veram
665 3256 775 3322 carnis
798 3256 1031 3338 substantiam,
1053 3277 1152 3343 quern
1171 3255 1352 3344 assumpsit
1365 3256 1407 3322 de
1425 3255 1498 3320 Viu-

444 3358 530 3444 gine.
570 3359 736 3425 Maximus
758 3364 869 3426 autem
894 3360 990 3426 decor
1005 3359 1181 3447 corporalis
1202 3358 1385 3424 habitaculi
1399 3357 1497 3446 hujus

444 3460 558 3548 gloriae
587 3467 639 3527 est
673 3463 862 3530 sanctitudo
895 3466 1028 3550 recepta
1070 3463 1106 3527 in
1151 3461 1244 3548 ejus⁸
1284 3461 1504 3538 dedicatione.¹

278 3563 487 3634 accessui
517 3562 670 3630 dederit*
710 3564 809 3632 leonto
853 3587 989 3634 marram
1018 3565 1247 3632 castancam
1276 3563 1399 3630 donnes
1428 3585 1498 3630 saca

441 3687 508 3753 pro
529 3667 592 3733 bac
612 3667 656 3733 ad
688 3667 844 3734 honorem
877 3669 966 3734 tenti
1000 3669 1100 3756 Regis
1131 3667 1347 3748 decoratione,
1378 3667 1499 3754 otooai⁶

446 3768 541 3834 aaa
577 3771 748 3858 reputabit
791 3793 863 3837 cam
911 3771 947 3836 in
996 3771 1083 3836 tanti
1131 3771 1211 3836 boni
1248 3771 1497 3858 comparatione

444 3876 569 3944 Valete.

403 4193 408 4198 ’
478 4217 604 4285 πμ]
622 4235 671 4270 om.
684 4219 737 4270 ssa
1033 4217 1166 4286 wne]
1185 4218 1333 4280 emoluerit,
1345 4219 1398 4272 su.

477 4301 489 4332 ²
505 4298 633 4364 mutuae]
651 4315 735 4364 quam,
747 4298 801 4350 sm

446 4379 602 4510 cllljmpm
617 4378 945 4446 iaq'u1ejumoepain,
1030 4379 1141 4447 ‘quaeq
1153 4395 1202 4432 om.
1215 4379 1268 4432 Sic
1334 4395 1343 4412 ·

469 4497 475 4508 .
500 4497 505 4508 .
529 4497 535 4508 .
555 4461 607 4511 01.
