3500 5784
473 850 540 921 278
798 863 947 915 nossem
969 864 1197 917 secessimus

472 1042 573 1130 prolis
594 1038 749 1122 dilecti03
783 1042 872 1107 unde
902 1064 1021 1128 parens
1042 1042 1168 1128 prolem
1189 1063 1258 1107 non
1279 1040 1428 1131 diligens,
1452 1063 1525 1107 non

473 1146 580 1211 solum
594 1145 782 1223 humanam,
805 1145 864 1211 sad
886 1146 978 1211 illam
1001 1145 1094 1211 exuit
1116 1151 1280 1211 naturam¹
1300 1146 1338 1209 in
1359 1167 1426 1231 qua
1447 1166 1525 1210 cum

472 1246 754 1313 irrationabilibus
771 1248 999 1325 communicat,
1016 1247 1122 1313 sactus
1136 1270 1204 1313 non
1226 1247 1343 1313 similis
1359 1247 1526 1331 jumentis

471 1349 713 1437 insipientibus,
736 1350 793 1416 sed
815 1350 895 1437 ipsis
917 1350 1023 1415 multo
1045 1352 1211 1437 posterior.
1256 1350 1372 1416 Nexus
1394 1347 1524 1415 autem¹

471 1453 627 1539 spiritalis
659 1474 749 1518 nexu
780 1454 903 1517 carnali
934 1452 1049 1518 melior
1082 1461 1133 1517 est
1164 1458 1199 1519 et
1221 1453 1414 1539 pretiosior3
1445 1474 1527 1538 que-

472 1561 606 1643 propter
627 1560 662 1620 et
684 1554 841 1641 spiritalis
863 1556 1046 1642 paternitas
1080 1555 1211 1635 carnali,
1235 1562 1270 1621 et
1293 1554 1425 1620 dilectio
1448 1576 1526 1639 quae

473 1659 579 1744 ipsam
622 1658 844 1743 consequitur,
894 1678 932 1722 ea
977 1678 1051 1742 quea
1095 1658 1306 1744 consequitur
1351 1655 1525 1722 carnalem.

473 1760 620 1825 Melioris
642 1764 753 1825 autem
782 1760 927 1845 privatio
961 1757 1111 1836 deterior,
1135 1768 1169 1824 et
1195 1758 1397 1845 pretiosioris
1418 1758 1526 1823 vilior.

473 1863 587 1927 Patres
608 1861 712 1949 igitur
733 1862 898 1949 spiritales
930 1861 973 1926 ed
1007 1862 1131 1947 prolem
1154 1882 1247 1927 suam
1269 1860 1451 1947 spiritalem
1474 1860 1528 1925 di-

472 1963 610 2029 lectione
641 1986 710 2029 non
740 1964 860 2041 affecti,
895 1962 1070 2029 deteriores
1104 1967 1182 2028 sunt
1214 1968 1248 2029 et
1279 1962 1412 2029 viliores
1445 1963 1528 2049 ipsis

473 2089 553 2152 quos
584 2065 729 2131 diximus
768 2066 938 2152 jumentis,
973 2070 1099 2151 quanto
1136 2065 1293 2152 spiritalis
1331 2066 1525 2153 paternitas,

473 2191 609 2256 eamque
642 2169 864 2234 concomitans
901 2168 1040 2247 dilectio,
1074 2168 1188 2233 melior
1219 2168 1422 2255 dignoscitur
1455 2190 1527 2233 esse

472 2272 624 2337 naturali.
689 2270 876 2337 Consimilis
912 2275 1024 2337 autem
1061 2270 1269 2335 ratiocinatio
1308 2269 1452 2337 decurrit
1488 2271 1526 2335 in

472 2374 562 2460 prole
594 2378 764 2460 parentem
798 2394 867 2438 non
898 2372 1097 2449 nodamenta,
1129 2372 1195 2438 nisi
1226 2372 1314 2459 quod
1348 2379 1526 2459 parentum

472 2496 565 2541 amor
586 2482 638 2541 est
660 2475 704 2540 ad
725 2475 851 2562 prolem
872 2475 1104 2553 intensior,-et
1127 2474 1169 2541 ob
1193 2475 1255 2539 hoo
1286 2474 1357 2559 ejus
1379 2474 1527 2561 privatio

471 2578 729 2666 vituperabilior.
798 2578 948 2644 Parentis
993 2582 1027 2643 et
1072 2576 1174 2665 prolis
1208 2576 1422 2643 correlatione
1466 2578 1527 2642 ed-

471 2683 615 2747 invicem
636 2681 888 2768 oonjungimur3
911 2680 956 2746 sit
977 2680 1080 2767 igitur
1101 2680 1214 2765 procul
1235 2702 1257 2745 a
1278 2678 1381 2759 nobis,
1406 2685 1528 2746 mutua

471 2806 539 2850 non
572 2785 728 2871 conjungi
760 2784 943 2860 dilectione,
967 2804 1009 2847 ne
1040 2803 1109 2863 nos,
1132 2782 1278 2860 volvos,
1301 2782 1357 2847 vel
1379 2783 1526 2867 utrique,

474 2888 576 2965 ferali,
621 2888 687 2951 imo
734 2886 826 2952 ferali
865 2885 1068 2972 postpositae,
1106 2888 1341 2971 postponamur
1385 2890 1528 2951 naturae.

368 3012 388 3045 r.
402 2993 418 3005 ''
475 2990 596 3054 Nullus
618 2995 730 3054 autem
751 2987 936 3055 benacum
950 2987 1012 3053 ecit
1027 3010 1101 3073 quoe
1122 2993 1206 3055 suast
1226 2986 1345 3073 ipsius
1359 2984 1527 3067 berelais,

339 3098 347 3113 '
474 3092 550 3157 asiai
564 3090 711 3180 spiritate
726 3090 788 3177 qui
802 3091 846 3156 ia
860 3090 935 3176 ipso
950 3096 1020 3169 cst;
1044 3089 1101 3155 sed
1123 3112 1184 3154 neo
1198 3089 1269 3175 ipse
1283 3094 1400 3175 potens
1416 3095 1467 3155 est
1482 3091 1528 3155 ad

473 3193 745 3280 perscrutandum
767 3193 901 3257 omnino
924 3194 1073 3279 seipsum.
1117 3190 1342 3257 Verumtamen
1363 3198 1529 3277 quantum

474 3302 584 3383 potest
595 3295 732 3381 spiritus
741 3301 854 3361 noster
868 3317 903 3361 se
917 3295 1120 3381 perscrutari,
1133 3293 1263 3360 invenit
1276 3294 1314 3358 in
1329 3314 1363 3359 se
1378 3299 1530 3379 pateruae

474 3399 655 3464 affectionis
677 3400 720 3465 ad
742 3420 802 3463 vos
824 3418 936 3463 omnes
968 3402 1002 3463 et
1033 3396 1179 3484 singulos
1212 3396 1421 3462 dilectionem
1433 3422 1441 3477 ;
1465 3418 1530 3463 nec

474 3502 642 3582 credimus,
661 3502 738 3568 lieet
758 3502 843 3566 forte
864 3499 1042 3586 aliquando
1058 3522 1100 3564 ex
1114 3499 1224 3584 aliquo
1246 3498 1391 3585 Mpulsu
1414 3499 1529 3567 subito

473 3626 551 3690 erga
573 3608 721 3669 vestrum
743 3602 908 3689 aliquem²
931 3601 1064 3686 aliquod
1085 3602 1225 3666 verbum
1255 3600 1366 3667 minus
1388 3601 1528 3667 cucum-

473 3712 619 3793 speetum
643 3707 759 3793 erupit,
782 3728 842 3771 nos
865 3728 908 3771 ex
929 3704 1048 3769 nostris
1071 3704 1223 3790 operibus
1245 3704 1341 3791 argui
1363 3724 1457 3791 posse
1483 3707 1530 3771 ad

473 3830 532 3873 vos
568 3814 739 3895 paternam
778 3809 986 3874 dilectionem
1022 3826 1090 3871 non
1127 3806 1332 3893 observasse:
1379 3807 1468 3873 absit
1506 3830 1530 3872 a

472 3911 568 3976 nobis
591 3918 636 3977 ut
652 3912 736 3978 hanc
750 3912 886 3978 vitalem
909 3932 1022 3975 auram
1044 3910 1211 3995 spiramus,
1229 3910 1295 3975 nisi
1317 3932 1376 3975 vos
1399 3912 1529 3979 sincera

306 4045 354 4096 15,
363 4044 460 4097 Jouiii.
473 4016 722 4101 complectentes
748 4015 940 4081 dilectione:
974 4011 1036 4100 pai
1059 4013 1146 4077 enim
1168 4034 1242 4077 eoa
1256 4011 1385 4099 dilipa't
1408 4022 1530 4083 cacat

309 4119 346 4172 ¹⁴2
361 4118 399 4163 ¹⁵·
431 4134 443 4147 ⁸
473 4117 653 4196 trevam-a,
677 4119 793 4205 etqui
823 4139 891 4183 non
922 4115 1033 4203 diligit
1067 4114 1147 4193 odit,
1171 4136 1209 4179 ac
1230 4137 1289 4201 per
1323 4138 1526 4205 consequens

473 4218 647 4284 lcocaicidc
680 4226 733 4297 eat,
768 4241 841 4285 aeae
878 4216 1003 4284 taceas
1024 4216 1077 4283 aa
1110 4238 1143 4283 sc
1174 4216 1284 4283 citam
1320 4227 1528 4287 maculem.

475 4321 571 4387 Solus
594 4321 682 4386 enim
704 4342 796 4385 amor
824 4320 968 4388 fenestre
989 4324 1040 4385 est
1062 4340 1119 4406 per
1145 4341 1244 4406 quam
1266 4319 1395 4407 primo³
1414 4322 1530 4391 influit

508 4690 515 4719 ¹
533 4690 624 4755 astae]
643 4705 692 4740 om
705 4688 795 4741 (ἰαῦ.
1055 4690 1065 4718 ³
1078 4690 1170 4755 purae]
1189 4704 1239 4743 om.
1250 4688 1341 4744 Qec.

507 4772 518 4801 ²
532 4768 646 4834 dquam]
663 4768 866 4834 eliquesco.
