3500 5784
682 877 862 926 mrsronn.
1236 861 1297 927 189

250 1052 505 1138 allegabuntque
543 1055 658 1115 contra
694 1071 754 1116 vos
791 1049 934 1114 maxime
972 1045 1151 1118 adversarii
1188 1045 1301 1124 vestri,
1369 1105 1372 1110 Α

251 1155 340 1240 quod
372 1175 412 1220 eo
441 1154 513 1240 ipso
544 1153 617 1218 sitis
647 1151 834 1238 repellendi,
856 1150 1058 1239 proferentes
1091 1148 1127 1212 in
1157 1147 1303 1212 medium
1317 1167 1452 1249 Demea

250 1257 333 1322 illud
354 1255 555 1334 canonicum,
580 1254 702 1322 “Sicut
724 1254 753 1320 is
776 1255 835 1340 qui
856 1253 1019 1318 invitatus
1040 1251 1161 1329 renuit,
1185 1249 1303 1336 quaesi·
1318 1263 1443 1328 Gratiani,

253 1365 272 1395 “
292 1365 348 1424 tus
370 1357 504 1445 refugIt,
525 1357 623 1423 sacris
645 1357 807 1422 altaribus
837 1360 890 1421 est
921 1352 1155 1433 admovendus,
1179 1353 1224 1418 sic
1247 1353 1304 1438 qui
1319 1332 1387 1382 pm
1400 1337 1423 1382 2·

1319 1397 1394 1449 Ceus.
1406 1399 1424 1450 i.
1433 1415 1474 1464 qu.

160 1515 165 1524 .
254 1459 384 1526 “ultro
406 1460 512 1525 ambit
533 1459 589 1526 vel
611 1459 839 1546 importunum
870 1479 905 1523 se
938 1457 1067 1544 ingerit,
1092 1454 1305 1542 proculdubio
1321 1464 1373 1514 of.
1391 1471 1446 1516 rao.

254 1569 273 1598 “
295 1567 346 1628 est
366 1560 621 1650 repellendus;”
644 1566 679 1627 et
701 1561 822 1626 iterum
844 1559 936 1638 illud,
961 1559 1085 1625 “Siout
1107 1559 1196 1624 locus
1221 1556 1307 1644 regin
1320 1564 1446 1644 Ingenua.

254 1665 395 1730 “minis
432 1663 695 1734 desiderantibus
733 1663 904 1750 negandus
941 1667 1000 1740 est,
1033 1663 1082 1728 ita
1104 1647 1428 1749 fugientibus{¹¹1¹'732L
1443 1638 1465 1682 ¹·

256 1772 274 1802 “
297 1765 528 1846 offerendus;”
559 1772 594 1832 et
615 1766 700 1831 illud
722 1765 959 1853 Apostolicum,
983 1770 1001 1799 “
1015 1763 1084 1830 Noc
1121 1762 1308 1850 quoquam
1322 1805 1416 1858 Hm
1424 1811 1478 1868 aa

257 1875 275 1905 “
296 1869 405 1936 eamd
425 1868 493 1935 eibi
506 1868 674 1945 tortoreto,
691 1867 748 1934 eod
762 1867 826 1955 pot
847 1873 988 1934 vocatur
1010 1888 1033 1932 c
1047 1867 1117 1934 Deo
1140 1872 1310 1952 toaqoom

257 1979 276 2007 “
296 1972 421 2036 Aaron
430 1996 445 2052 ;
467 1970 517 2036 etc
538 1978 568 2037 et
593 1968 748 2037 Obrietcs
768 1991 845 2036 coro
865 1968 1084 2056 semetipsam
1108 1965 1310 2054 clorificabit

257 2080 276 2111 “
296 2081 337 2141 ot
351 2072 626 2161 Poatc'fccficrct,
641 2072 701 2140 ecd
716 2071 779 2160 qut
801 2072 935 2140 berctus
958 2079 1004 2138 cet
1022 2071 1069 2138 od
1084 2093 1173 2152 cmm,
1192 2069 1311 2138 Filius

259 2184 277 2212 “
299 2197 396 2243 omos
431 2198 466 2242 ce
503 2182 552 2256 ta,
583 2197 640 2262 opo
676 2174 774 2241 bodo’c
804 2173 913 2261 penui
936 2165 1015 2255 tc;''
1051 2179 1085 2239 et
1116 2174 1200 2240 illud
1223 2173 1311 2260 quod

258 2279 381 2345 Beatus
403 2277 591 2344 Bernardus
614 2277 750 2344 scribitl
776 2278 820 2342 ad
842 2278 967 2365 Papam
997 2277 1194 2365 Eugenium,
1218 2277 1310 2343 vide·
1326 2297 1480 2350 snernaro.

257 2383 343 2461 licet,
375 2382 465 2468 quod
495 2387 595 2448 “non
627 2381 778 2446 volentes
807 2402 913 2467 neque
944 2385 1110 2447 currentes
1118 2379 1137 2406 ''
1168 2385 1312 2446 assumat
1325 2365 1466 2492 affl&

260 2485 303 2550 ad
339 2483 576 2572 pontificatum,
611 2483 698 2548 “sed
734 2488 927 2548 cunctantes
964 2489 998 2549 et
1035 2489 1219 2562 renuentes,
1254 2482 1312 2569 qui
1326 2498 1438 2563 tagra

262 2595 281 2620 “
301 2608 369 2652 non
390 2586 460 2651 sint
482 2585 609 2651 attritae
630 2585 758 2666 frontis,
781 2586 839 2651 sed
860 2586 1043 2662 verecundi,
1067 2587 1124 2652 sed
1155 2586 1311 2664 timorati,
1327 2565 1372 2615 ⁰⁰¹·
1388 2570 1459 2615 ¹⁰⁶³·

263 2697 281 2724 “
302 2692 422 2777 praeter
460 2687 570 2752 Deum
605 2688 748 2753 timeant
785 2687 878 2766 nihil
913 2688 999 2752 nihil
1029 2693 1162 2775 sperent
1199 2687 1264 2752 nisi
1294 2709 1314 2752 a

264 2799 283 2827 “
305 2789 407 2856 Deo.”
453 2788 538 2856 Haec
574 2793 610 2855 et
640 2789 706 2855 alia
734 2789 930 2876 hujusmodi
954 2791 1021 2857 imo
1048 2796 1082 2857 et
1115 2789 1167 2855 his
1189 2789 1313 2855 violen-

265 2893 361 2971 tiora,
401 2913 543 2978 quorum
581 2897 653 2958 tarn
689 2893 726 2956 in
772 2914 863 2958 sacra
909 2893 1030 2980 pagina
1070 2898 1106 2959 et
1148 2893 1316 2980 scripturis

265 2995 431 3061 canonicis
464 3017 563 3081 quam
594 3015 693 3060 sacrae
727 2994 859 3080 paginae
894 2994 1163 3082 expositionibus,
1188 2995 1317 3083 copiosa

264 3104 305 3163 ut
324 3097 424 3176 scitis,
448 3102 499 3162 est
521 3096 734 3175 abundantia,
757 3095 901 3162 libenter
922 3097 1100 3184 allegarent
1122 3102 1236 3163 contra
1257 3120 1317 3162 vos

266 3199 323 3287 qui
344 3199 440 3265 vobis
462 3199 685 3277 adversantur,
708 3194 807 3264 nacta
836 3199 1001 3265 occasione
1030 3199 1131 3266 etiam
1153 3199 1319 3265 levissima

265 3303 307 3367 de
328 3301 456 3366 modico
479 3300 573 3387 siguo
594 3300 812 3366 affectationis
834 3301 975 3368 honoris.
1022 3300 1111 3380 Ideo,
1134 3307 1174 3367 ut
1196 3308 1318 3368 nostrae

267 3403 450 3470 modicitati
479 3402 620 3481 videtur,
644 3402 751 3468 multo
785 3403 966 3470 consultius
997 3409 1047 3470 est
1080 3410 1119 3471 ut
1145 3427 1167 3470 a
1188 3406 1318 3471 nemine

269 3529 329 3595 pro
351 3511 463 3572 vestra
484 3505 648 3571 scribatur
678 3505 910 3593 postulatione,
933 3529 976 3574 ne
998 3507 1093 3589 forte,
1120 3509 1208 3595 quod
1222 3508 1318 3586 absit,

272 3611 349 3676 inde
380 3615 516 3697 paretur
546 3607 636 3674 laesio
667 3608 756 3674 unde
788 3611 982 3696 sperabatur
1015 3611 1131 3677 salutis
1165 3631 1320 3698 augmen-

269 3715 361 3779 tatio.
406 3711 528 3777 Totum
543 3711 647 3798 igitur
668 3712 840 3800 negotium
862 3714 954 3780 istud
975 3715 1205 3781 committatur
1228 3715 1321 3796 Deo;

269 3817 345 3902 quia
379 3815 408 3881 si
441 3814 573 3900 incepta
605 3818 656 3879 est
687 3814 831 3901 ejusdem
865 3817 1029 3883 ordinatio
1062 3817 1103 3886 de
1134 3819 1321 3884 voluntatis

269 3917 338 4005 ejus
359 3915 573 4004 beneplacito,
597 3937 665 3982 non
687 3917 823 3984 desistet
844 3924 922 3986 ante
944 3922 1256 3990 consummationem
1279 3921 1321 3987 ab

271 4022 423 4108 incepto;
456 4041 529 4085 aori
551 4018 649 4085 cutm
679 4027 726 4085 cet
756 4019 949 4088 abbreviato
978 4045 1107 4090 marcore
1129 4024 1208 4110 ejus,
1241 4025 1321 4111 quin
1334 4033 1382 4085 Ira
1395 4033 1439 4084 lix.
1455 4036 1476 4084 1.

270 4124 381 4189 valeat
403 4143 627 4187 consummare
660 4123 749 4208 quod
781 4123 904 4211 incepit
934 4125 1100 4192 adificare.
1146 4127 1217 4193 Nec
1238 4127 1321 4192 hoc²

272 4226 410 4291 dicimus
431 4224 525 4310 quasi
546 4223 751 4310 coadjutores
782 4225 847 4291 Dei
876 4227 913 4290 in
945 4226 1134 4314 hujusmodi
1164 4251 1321 4296 essenon

272 4327 457 4408 debeamus,
473 4325 532 4391 sed
551 4330 712 4412 tanquam
734 4327 938 4414 exquirenda
960 4329 1029 4395 sint
1050 4330 1088 4396 in
1108 4330 1232 4396 talibus
1252 4353 1322 4397 non
1346 4316 1349 4324 ¹

271 4430 425 4495 humanae
447 4428 633 4515 prudentiae
666 4429 723 4495 sed
756 4429 880 4495 divinae
914 4431 1084 4517 sapientiae
1106 4433 1324 4517 adminicula3
1425 4431 1427 4434 ’

276 4631 368 4638 --
745 4629 1318 4645 -——-—--·-—----—-.-.-.....-.-.a..

308 4753 431 4822 ¹oen‘tir]
449 4753 607 4819 eumatio·
796 4753 802 4821 Ι
857 4754 974 4808 ⁸0.0.C.
985 4756 1143 4822 repeatstoc.
