3500 5784
449 814 514 882 ³82
769 834 916 884 nosces}
938 835 1170 885 ouonrrssrs

448 1028 521 1073 rum
543 1008 678 1077 risitsre
699 1010 847 1077 volentil
904 1011 1066 1097 Nunquid
1095 1012 1297 1077 adrentum
1329 1014 1424 1097 petre
1456 1010 1501 1075 sd

448 1109 650 1177 visitandum
665 1134 749 1191 oves,
766 1113 981 1181 rebellassent
1000 1114 1063 1179 filii
1085 1114 1237 1192 dieentes,
1254 1112 1377 1177 “Nihil
1398 1112 1442 1177 ed
1466 1118 1502 1177 te

449 1220 467 1249 “
489 1212 530 1281 de
552 1214 727 1281 vidtsndis
749 1215 800 1281 his
824 1217 964 1297 ovibus;
986 1223 1108 1283 nostres
1134 1221 1223 1298 nint,
1253 1236 1366 1281 esrom
1387 1236 1501 1279 curem

450 1324 468 1351 “
490 1317 586 1383 nobis
600 1317 786 1405 tredidisti3
800 1342 867 1385 non
883 1326 934 1387 est
948 1325 1045 1386 tuum
1059 1320 1202 1406 emplius
1216 1318 1258 1384 de
1271 1319 1323 1383 bis
1337 1317 1501 1383 solicitum

451 1427 469 1457 “
492 1442 567 1497 esse,
599 1443 667 1487 non
690 1428 740 1487 cst
771 1428 867 1489 tuum
889 1422 1004 1489 ridere
1025 1444 1083 1489 sen
1105 1422 1302 1509 perscrutari
1333 1423 1503 1487 deunctn

451 1528 469 1557 “
492 1544 646 1609 prospere
668 1530 747 1591 sunt
761 1546 840 1611 ergo
861 1546 922 1591 nos
937 1532 972 1591 et
985 1546 1103 1613 pecore
1115 1523 1146 1589 t''
1191 1524 1229 1590 si
1242 1524 1312 1589 hsce
1325 1523 1429 1589 fecere
1443 1544 1503 1610 po-

284 1631 374 1715 Genu
452 1624 594 1692 tuissent
615 1627 656 1692 de
674 1626 758 1713 jure,
774 1649 843 1693 non
865 1628 1004 1693 dixisset
1024 1628 1068 1693 sd
1089 1627 1233 1715 Josepb:
1263 1626 1357 1694 Vade
1377 1633 1408 1691 et
1421 1626 1502 1692 cide

283 1706 430 1751 ’ΨΜ
452 1726 484 1793 si
510 1734 632 1795 curseto
656 1752 820 1815 prospero
849 1730 922 1797 sict
950 1730 1049 1817 apere
1063 1730 1191 1816 fratres
1214 1738 1289 1796 tuos
1310 1737 1342 1795 et
1370 1750 1502 1817 perum,

452 1836 483 1897 et
496 1832 668 1897 renuncia
681 1832 773 1899 mute
787 1832 872 1920 quid
886 1841 1018 1919 agatur.
1064 1834 1101 1899 Si
1116 1835 1204 1900 enim
1220 1830 1375 1899 boivimet
1387 1832 1502 1910 Jacob,

453 1933 541 2019 quod
556 1934 616 1999 filii
634 1935 686 2000 sui
696 1936 786 2021 juste
801 1942 935 2023 possent
949 1958 1025 2003 curn
1039 1937 1194 2025 repellere
1216 1958 1237 2001 s
1255 1936 1401 2002 videndo
1422 1935 1503 2021 quid

454 2043 606 2125 cgeretur
628 2038 714 2113 circe
735 2060 790 2104 eos
813 2044 848 2105 et
869 2059 994 2125 pecora,
1015 2060 1185 2124 nunquam
1206 2038 1276 2103 filio
1298 2060 1359 2103 suo
1379 2038 1503 2124 «Ioseph

454 2138 514 2204 hoc
537 2141 752 2205 commisisset
775 2142 983 2227 explendum,
1007 2162 1082 2207 cum
1114 2143 1224 2228 ipsum
1246 2140 1370 2227 Josepb
1399 2139 1504 2205 multo

449 2240 603 2325 justicius
631 2264 729 2329 quem
751 2249 882 2329 petrem
904 2243 948 2309 eb
970 2244 1032 2309 boc
1052 2250 1187 2331 possent
1207 2243 1370 2331 repellere
1417 2242 1505 2323 Quo

453 2344 548 2410 modo
580 2346 683 2431 igitur
712 2345 875 2431 spiritales
900 2346 962 2411 filii
993 2346 1225 2433 episcoporum,
1258 2346 1431 2411 constituti
1455 2345 1505 2409 cb

452 2448 499 2513 eis
521 2452 680 2532 tanquam
702 2446 763 2511 filii
785 2448 892 2513 Jacob
918 2448 961 2512 sb
993 2448 1065 2534 ipso
1094 2448 1207 2525 Jacob,
1224 2448 1275 2513 ³ud
1307 2446 1505 2534 poscendum

454 2572 530 2615 ores
553 2550 723 2637 spiritales,
748 2572 821 2636 quae
837 2551 942 2637 msgis
956 2556 1036 2615 suut
1050 2551 1273 2637 episcoporum
1295 2571 1383 2629 ores,
1405 2570 1505 2635 quem

454 2674 566 2719 eorum
589 2652 708 2738 quibus
730 2656 810 2717 sunt
832 2652 874 2717 sb
908 2652 1066 2739 episcopis
1096 2652 1284 2731 commissus,
1300 2652 1417 2719 dicunt
1436 2653 1506 2740 epi·

455 2756 567 2842 scopis,
586 2755 708 2819 “Nihil
724 2755 767 2819 ed
789 2776 848 2820 ros
872 2754 915 2819 de
936 2754 1113 2821 ridtcndis
1134 2755 1186 2821 his
1212 2755 1350 2836 ovibns3
1382 2762 1505 2822 nostres

457 2867 474 2895 “
497 2862 575 2923 sunt
589 2882 597 2938 ;
620 2874 856 2923 eerumcurcm
873 2858 968 2923 nobis
983 2858 1189 2941 tmdidistis3
1210 2879 1278 2924 non
1292 2864 1343 2923 est
1357 2864 1506 2924 vestrum

456 2968 474 2997 “
497 2960 660 3046 amplius¹
685 2961 726 3025 de
748 2958 800 3025 his
815 2959 957 3025 solicitos
980 2982 1071 3042 esse3
1093 2982 1162 3026 non
1181 2965 1234 3026 est
1254 2966 1402 3026 vestrm
1425 2961 1507 3047 quid

456 3068 474 3098 “
497 3063 583 3129 circe
597 3068 657 3128 nos
672 3068 791 3149 egetur
806 3068 841 3127 et
854 3084 972 3149 pecore
986 3062 1190 3129 considerare
1198 3062 1228 3128 t”
1259 3063 1381 3129 Nonne
1394 3062 1430 3127 bi
1444 3064 1506 3127 filii

456 3165 660 3253 disciplinam
687 3166 790 3253 petris
821 3171 974 3244 renuunt,
998 3170 1034 3231 et
1055 3166 1161 3253 patris
1188 3165 1396 3252 disciplinam
1417 3186 1509 3231 recu-

289 3280 418 3333 Fromthe
456 3270 600 3334 sontium
616 3270 781 3335 incurrere
796 3290 929 3355 poenam
944 3270 1063 3335 merito
1077 3269 1171 3355 digni
1194 3272 1295 3333 ssmtt
1338 3270 1439 3334 Pater
1451 3268 1510 3335 ille

289 3349 425 3466 mle?
456 3372 663 3458 evangelicus
677 3372 735 3457 qui
749 3372 818 3436 filio
840 3370 958 3457 majori
981 3372 1078 3450 dixit,
1102 3370 1184 3451 Fili,
1200 3370 1321 3437 omnia
1343 3393 1421 3437 utcu
1446 3378 1510 3437 tua

288 3481 391 3533 brother
401 3484 426 3532 in
456 3481 545 3551 eunt,
584 3475 735 3560 nunquid
772 3473 972 3539 credendum
1009 3479 1061 3539 est
1090 3474 1178 3560 quod
1214 3474 1258 3540 sb
1294 3473 1408 3539 eodem
1438 3474 1511 3541 filio

289 3548 570 3666 fflfflffl²fuisset
595 3576 750 3663 repulsus,
778 3577 807 3641 si
833 3599 928 3663 egros
950 3582 1010 3642 sut
1036 3581 1109 3642 sete
1123 3580 1184 3641 sut
1197 3598 1275 3642 oves
1298 3582 1358 3641 sut
1372 3576 1511 3643 ulterius

290 3681 358 3746 dign
371 3683 430 3734 son.
456 3679 546 3745 modi
571 3700 687 3766 pecorc
712 3701 773 3745 sus
798 3678 901 3745 vellet
927 3680 1070 3759 visitare,
1097 3684 1132 3744 et
1156 3680 1251 3765 sique
1276 3684 1386 3745 essent
1410 3680 1511 3745 corri-

456 3781 571 3869 genda,
615 3783 783 3869 corrigere,
824 3782 960 3853 carduos
990 3787 1026 3849 et
1054 3781 1164 3869 spinas
1193 3804 1216 3847 e
1243 3782 1324 3848 sotis
1360 3781 1509 3859 evellere,

457 3885 623 3971 molesque
646 3884 770 3951 bestias
795 3908 816 3949 e
839 3886 995 3971 gregibus
1021 3889 1055 3949 et
1079 3885 1238 3951 armentis
1267 3883 1406 3972 obigere,
1430 3885 1512 3951 licet

457 3988 528 4073 ipso
551 3988 736 4068 confitente,
765 3987 875 4053 omnis
905 4008 965 4052 sus
994 3987 1096 4052 etism
1125 3986 1187 4051 filii
1212 3990 1328 4067 essent,
1356 3994 1392 4053 et
1414 3993 1512 4075 petre

458 4090 631 4156 ordinante
667 4095 777 4176 posset
805 4090 893 4154 filius
918 4092 955 4154 in
979 4089 1144 4177 praedictis
1175 4088 1274 4154 rebus
1302 4090 1407 4175 petris
1435 4111 1515 4155 oon·

458 4192 578 4259 similis
614 4192 742 4259 feceret
801 4192 838 4259 Si
867 4192 956 4257 filius
985 4191 1068 4257 forte
1097 4191 1267 4257 habuisset
1296 4192 1408 4278 eliqua
1436 4214 1513 4279 ques

457 4302 551 4383 peter
576 4316 653 4361 suus
668 4296 698 4361 ei
713 4294 915 4373 contulisset,
937 4293 1167 4361 transferendo
1187 4298 1298 4360 totum
1324 4294 1508 4361 dominium

457 4399 494 4463 in
517 4399 622 4464 filium
652 4398 779 4485 sibique
801 4385 984 4463 dominium
1007 4398 1191 4476 adimendo,
1217 4398 1270 4463 rel
1294 4396 1511 4465 sihnbuioeet

995 4599 1067 4607 ...a—.-

839 4737 1136 4806 'urbo-uthis·
