3500 5784
716 859 896 910 nrrsrocn.
1265 843 1331 906 2223

280 1035 500 1114 detentionis;
522 1033 626 1100 altera
648 1055 727 1100 vero
748 1035 889 1099 materia
918 1031 1147 1098 controversiae
1169 1035 1220 1096 est
1241 1035 1333 1096 actus

279 1138 444 1203 violentus
466 1136 646 1222 spoliantis.
693 1137 813 1202 Prioris
835 1137 939 1222 igitur
960 1133 1192 1200 controversiae
1214 1133 1333 1198 decisio

275 1239 397 1325 judicie
419 1243 470 1304 est
487 1239 618 1318 laicalis,
642 1260 717 1304 cum
739 1239 930 1325 principalis
946 1237 1084 1302 materia
1106 1236 1334 1302 controversiae

280 1344 325 1407 sit
345 1365 398 1407 res
415 1363 497 1428 pure
523 1341 668 1422 laicalis;
690 1341 827 1406 alterius
860 1363 939 1406 vero
962 1339 1192 1406 controversiae
1216 1339 1334 1403 decisio

275 1444 398 1530 judicis
420 1449 472 1511 eet
494 1443 713 1524 ecclesiastici,
737 1465 812 1508 curn
834 1441 1023 1530 principalis
1045 1443 1184 1508 materia
1206 1444 1334 1506 contro-

280 1545 455 1635 versiaeffsit
469 1552 561 1612 actus
576 1569 724 1633 personae
739 1545 974 1624 ecclesiasticae,
991 1550 1124 1632 propter
1150 1565 1248 1630 quem
1271 1545 1335 1609 ista

285 1671 423 1735 persona
448 1649 664 1715 ecclesiastica
695 1648 919 1736 principaliter
950 1648 1039 1713 cadit
1073 1647 1134 1712 sub
1163 1645 1334 1732 judicium.

284 1752 383 1817 Unde
405 1751 596 1837 hujusmodi
618 1751 777 1838 spoliator
798 1756 834 1816 ct
857 1752 1016 1830 detentor,
1040 1750 1069 1816 si
1095 1751 1140 1815 sit
1162 1751 1215 1814 vir
1237 1749 1335 1814 ecclc-

217 1839 224 1850 ’
283 1855 444 1934 siasticus,
476 1859 586 1941 poseat
623 1853 791 1920 conveniri
832 1853 969 1940 spoliato
998 1844 1046 1916 xin
1088 1851 1158 1917 soro
1200 1849 1336 1916 seculari

285 1979 383 2045 super
419 1957 523 2035 feodo,
560 1961 594 2021 et
627 1957 664 2021 in
697 1957 768 2022 foro
800 1956 1017 2022 ecclesiastico
1051 1976 1148 2042 super
1181 1955 1336 2020 violentae

283 2060 489 2147 spoliationis
511 2059 638 2125 dshcto.
685 2059 731 2124 Et
753 2059 965 2124 manifestum
988 2059 1147 2142 estquod
1178 2057 1214 2121 in
1248 2057 1336 2122 dicto

283 2183 360 2228 casu
380 2185 450 2228 non
471 2162 626 2228 convenit
647 2161 806 2247 spoliatus
828 2161 1039 2247 spoliatorem
1068 2161 1105 2224 in
1138 2159 1207 2224 foro
1230 2159 1336 2224 laicali

282 2265 507 2353 principaliter
528 2286 625 2351 super
647 2263 770 2348 injuria
790 2263 948 2329 violentae
971 2263 1198 2350 spoliationis3
1234 2283 1336 2348 pona-

283 2375 339 2432 tur
361 2369 450 2433 enim
473 2368 560 2453 quod
583 2367 718 2432 clericus
744 2365 864 2451 aliquis
895 2387 953 2452 per
983 2367 1053 2430 vim
1084 2364 1269 2430 intruderet
1303 2385 1337 2428 ee

281 2471 317 2534 in
339 2468 472 2536 domum
494 2475 529 2534 et
551 2475 673 2534 terram
687 2468 824 2554 alicujus
845 2467 921 2532 laici
936 2472 970 2534 et
985 2469 1125 2534 cundem
1147 2468 1266 2534 laicum
1280 2489 1339 2554 per

282 2572 350 2636 vim
372 2571 555 2659 expelleret,
580 2593 645 2656 quo
676 2571 764 2636 facto
798 2571 912 2636 statim
938 2572 1126 2650 recederet3
1147 2571 1279 2636 feodum
1302 2571 1337 2634 in

282 2692 379 2760 quem
401 2697 436 2739 se
451 2674 594 2760 pervim
609 2674 796 2751 intruserat,
812 2695 870 2760 per
892 2674 1019 2738 nullam
1041 2674 1197 2760 temporis
1212 2694 1337 2738 moram

284 2777 435 2843 detinens
457 2781 517 2841 aut
539 2777 581 2841 de
595 2776 683 2842 fecto
705 2775 894 2862 possidens3
916 2797 985 2840 non
999 2779 1108 2861 posset
1129 2777 1166 2838 in
1180 2776 1241 2841 hoc
1263 2797 1338 2840 casu

281 2880 339 2964 qui
360 2879 440 2944 tulit
462 2878 619 2962 injuriam
645 2879 813 2944 conveniri
834 2877 877 2942 ab
900 2877 1056 2962 injuriam
1078 2898 1173 2964 passo
1195 2879 1232 2942 in
1268 2879 1338 2942 foro

282 2980 426 3048 seculari.
492 2979 594 3046 Unde
630 2981 843 3045 manifestum
880 2984 931 3044 est
968 2978 1056 3066 quod
1093 3001 1166 3046 cum
1204 2979 1338 3070 clericus

283 3083 434 3148 detentor
455 3082 543 3148 feodi
557 3082 689 3161 laicalis,
714 3104 811 3167 quem
825 3083 991 3168 ingressus
1014 3087 1065 3147 est
1080 3103 1138 3169 per
1159 3082 1338 3148 violentam

284 3186 520 3273 spoliationem,
549 3186 745 3251 convenitur
767 3208 788 3250 a
811 3184 950 3270 spoliato
982 3185 1018 3248 in
1040 3184 1111 3258 foro
1133 3185 1248 3264 laicali,
1272 3205 1338 3250 non

282 3289 477 3354 convenitur
513 3287 737 3376 principaliter
768 3309 866 3374 super
893 3286 1012 3352 delicto
1042 3284 1255 3374 spoliationis,
1283 3289 1343 3353 sed·

281 3391 387 3456 solum
409 3390 582 3456 deducitur
603 3391 641 3454 in
663 3391 918 3456 controversiam
932 3393 967 3454 et
989 3391 1025 3454 in
1043 3390 1205 3475 judicium
1226 3390 1341 3456 feodus

281 3493 412 3573 laicalis,
435 3493 584 3579 pervim
607 3493 812 3581 spoliationis
834 3497 1010 3578 occupatus
1032 3498 1066 3557 et
1088 3493 1249 3559 detentus,

327 3596 421 3660 Dicit
444 3597 566 3660 iterum
588 3596 714 3680 aliquis,
746 3594 783 3660 Si
816 3594 924 3660 clerici
946 3615 1015 3660 non
1036 3595 1282 3682 respondebunt
1303 3595 1339 3660 in
1351 3598 1459 3680 Further

281 3697 352 3763 foro
373 3697 512 3764 seculsm
533 3719 608 3763 cum
631 3703 825 3763 accusantur
845 3698 883 3761 in
904 3697 1032 3763 actione
1054 3695 1226 3784 personali,
1241 3717 1338 3764 cessae
1351 3669 1497 3784 {Rffffigm'

282 3806 361 3865 sunt
394 3823 506 3866 omnes
537 3800 779 3887 prohibitiones
809 3799 916 3885 regiae.
963 3799 1016 3864 Ad
1040 3801 1127 3885 quod
1152 3800 1336 3879 dicendum,
1351 3809 1496 3852 cnswemto

283 3905 370 3989 quod
410 3904 486 3988 jure
523 3925 622 3969 cessae
660 3907 748 3980 sunt,
788 3902 897 3987 quoad
940 3904 1154 3968 coartandum
1199 3866 1425 3984 clericos‘h‘m·

282 4028 323 4070 ne
354 4007 456 4071 libere
497 4006 675 4093 procedant
706 4007 743 4068 in
773 4005 880 4070 causis
914 4004 1136 4071 ecclesiasticis
1168 4011 1203 4072 et
1232 4006 1340 4092 quoad

281 4109 550 4175 constituendum
593 4130 648 4173 eos
693 4105 856 4172 debitores
908 4107 1127 4193 respondendi
1181 4108 1222 4173 de
1266 4129 1340 4195 pro-

280 4231 371 4276 cessu
393 4233 452 4276 suo
474 4213 511 4275 in
541 4209 612 4276 foro
646 4209 763 4274 laicali.
809 4209 876 4275 Sed
908 4231 982 4274 cum
1014 4209 1166 4275 dominus
1200 4231 1264 4274 rex
1297 4211 1340 4274 ad

281 4313 525 4400 suggestionem
575 4313 713 4399 alicujus
756 4312 870 4376 scribit
904 4311 1116 4378 ecclesiastico
1149 4311 1263 4396 judici,
1298 4333 1340 4376 ne

281 4421 394 4481 teneat
419 4417 579 4502 placitum
601 4417 639 4479 in
661 4415 752 4480 curia
775 4412 1037 4480 Christianitatis
1060 4409 1157 4501 super
1178 4413 1272 4479 feodo
1286 4413 1340 4478 vel

281 4519 481 4604 possessione
503 4517 620 4596 laicali,
645 4518 762 4582 decens
793 4521 845 4582 est
875 4520 910 4580 et
942 4516 1116 4582 honestum
1150 4517 1239 4602 quod
1261 4517 1338 4580 talis

277 4619 382 4704 judex
419 4619 462 4685 ob
499 4621 720 4686 reverentiam
758 4624 793 4684 et
826 4619 983 4684 honorem
1020 4619 1146 4704 regium
1184 4618 1341 4684 rescribat

281 4722 415 4788 domino
441 4724 511 4810 regi
534 4722 677 4789 dilucide
706 4721 770 4788 sub
803 4722 994 4810 compendio
1028 4722 1144 4787 seriem
1175 4742 1341 4809 processus
