3500 5784
465 838 529 901 134
787 852 934 903 sosusrr
957 852 1186 903 osossnrnsrn

462 1030 572 1111 totum
593 1026 771 1113 igniculum
792 1031 914 1093 nostres
935 1026 1119 1093 dilectionis
1141 1026 1316 1106 effirndere,
1339 1024 1432 1112 cujus
1454 1024 1508 1093 de-

462 1129 574 1194 siderii
603 1130 801 1204 oblationem
834 1130 976 1216 benigne
1009 1151 1168 1217 rogemus,
1199 1130 1356 1217 srrseipiat
1389 1133 1509 1195 vestrae

460 1231 606 1297 cantatis
638 1231 815 1310 humilitas,
858 1253 933 1297 eum
966 1232 1027 1297 hec
1057 1231 1222 1299 oblatione
1252 1232 1301 1297 nil
1334 1231 1509 1297 habeamus

459 1332 549 1418 quod
571 1332 743 1399 offeramus
776 1333 959 1419 pretiosius.
1012 1334 1068 1399 Ad
1090 1335 1167 1414 haec,
1190 1335 1269 1420 quia
1290 1340 1403 1401 nostre
1425 1333 1505 1399 dioe-

458 1435 539 1500 cesis
562 1434 708 1523 quelibet
741 1435 806 1501 olis
836 1436 872 1501 in
905 1456 1005 1521 regno
1037 1436 1168 1523 Angliee
1198 1436 1381 1502 constituta
1401 1436 1505 1501 multo

458 1536 556 1601 latior
589 1542 640 1601 est
657 1527 708 1602 ¹et
741 1537 870 1624 eopiosa
902 1538 1007 1623 plebis
1037 1538 1253 1603 multitudine
1286 1538 1449 1625 repletior,
1471 1542 1506 1603 et

457 1637 530 1702 ideo
552 1660 612 1703 nos
634 1637 726 1723 plure
748 1643 783 1703 et
805 1638 980 1704 efficaciore
995 1640 1178 1733 indigemus
1200 1640 1332 1719 auxilie,
1356 1641 1392 1704 in
1413 1640 1506 1705 verbi

457 1738 522 1803 Dei
543 1739 780 1826 praedicatione,
813 1740 1050 1806 confessionum
1083 1741 1260 1821 auditione,
1295 1742 1505 1828 poenitentia-

456 1863 531 1905 rum
564 1841 774 1925 injunctione,
809 1864 870 1908 nec
900 1842 944 1907 od
973 1844 1044 1909 heec
1075 1849 1109 1909 et
1140 1844 1330 1928 hujusmodi
1352 1846 1504 1910 novimus

456 1947 526 2007 tam
558 1942 698 2008 efficaces
732 1944 936 2029 coadjutores
959 1949 997 2009 ut
1019 1944 1134 2011 fratres
1161 1950 1296 2025 vestros,
1320 1946 1364 2011 ad
1385 1951 1504 2012 vestrae

456 2044 672 2131 benignitatis
708 2045 807 2130 pedes
843 2048 940 2132 proni
977 2048 1151 2133 provoluti,
1186 2070 1289 2134 quam
1333 2070 1503 2135 possumus

456 2146 573 2213 humili
603 2147 776 2213 devotione
799 2148 1027 2235 supplicamus,
1051 2155 1085 2215 et
1107 2148 1296 2236 adjuramus
1317 2172 1375 2237 per
1397 2172 1502 2238 esper-

456 2251 580 2315 sionem
612 2250 780 2337 sauguinis
812 2249 948 2315 Domini
980 2251 1085 2317 nostri
1116 2251 1199 2318 Jesu
1232 2252 1363 2333 Christi,
1391 2257 1426 2319 et
1447 2275 1504 2339 per

455 2353 709 2438 compassionem
743 2374 811 2417 suae
833 2352 1029 2419 dulcissimae
1050 2355 1164 2419 matris
1187 2377 1252 2441 que
1272 2355 1433 2421 transfixa
1454 2359 1504 2421 est

456 2459 567 2518 astans
599 2454 636 2517 in
669 2475 762 2519 cruce
799 2456 965 2540 pendenti,
1001 2460 1162 2541 quatenus
1196 2444 1350 2543 petitioni
1381 2462 1503 2525 nostres

456 2577 549 2621 aures
564 2561 684 2621 vestrae
699 2556 930 2641 compassionis
953 2558 1156 2637 inclinantes,
1181 2558 1262 2625 duos
1284 2560 1339 2625 vel
1361 2566 1502 2647 quatuor

456 2656 496 2721 de
519 2658 676 2723 fratribus
698 2659 816 2723 vestris
839 2679 920 2743 quos
942 2681 1002 2724 vos
1024 2660 1078 2725 vel
1112 2660 1262 2727 minister
1295 2661 1436 2729 fratrum
1465 2664 1501 2728 in

454 2759 577 2846 Anglia
598 2760 635 2824 in
656 2760 717 2824 hnc
737 2764 830 2845 parte
860 2759 1049 2841 decreverit,
1072 2762 1206 2828 idoneos
1236 2763 1411 2844 licentiere,
1435 2766 1501 2830 imo

454 2862 575 2927 eisdem
597 2863 771 2949 praecipere
786 2862 904 2942 velitis,
929 2868 1088 2949 quatenus
1110 2864 1251 2952 benigne
1272 2868 1369 2932 lateri
1390 2870 1501 2933 nostro

454 2964 649 3043 adhaereant,
673 2966 852 3029 existentes
873 2971 995 3031 nostrae
1007 2967 1241 3033 imbecillitatis
1263 2968 1498 3048 fulcimentum,

454 3072 573 3131 nostrae
595 3066 837 3132 insufficientiae
859 3068 1132 3155 supplementum,
1154 3070 1259 3135 nostri
1281 3072 1421 3157 torporis
1444 3092 1501 3137 ex·

454 3168 676 3247 citamentum,
710 3170 889 3235 titubantis
930 3170 1057 3250 erectio,
1101 3170 1286 3238 haesitantis
1324 3175 1500 3261 propulsio,

455 3270 605 3336 tribulati
627 3270 813 3338 consolatis.

901 3470 1010 3536 XLII.

189 3630 195 3648 '
326 3643 396 3693 123⁷.
463 3624 547 3695 Viro
569 3623 755 3691 venerabili
777 3622 821 3691 iu
838 3622 971 3691 Olrriete
993 3623 1172 3693 sumamma
1186 3626 1306 3695 Fratri
1320 3628 1501 3716 Emulpleo

545 3727 685 3794 domim
721 3727 828 3813 Papa
852 3726 1122 3813 poecitentiurio,
1160 3730 1323 3797 Rabirius
1356 3732 1501 3817 permis-

546 3830 641 3896 sione
685 3828 812 3895 dictio
855 3828 1111 3897 lincolniensis
1159 3832 1296 3899 emlesioe
1339 3833 1501 3903 redimire·

546 3930 701 4011 humilis,
733 3930 877 3997 sunam
909 3938 940 3999 ct
970 3931 1142 4001 ommium
1171 3933 1216 4001 io
1236 3934 1385 4003 Domino
1411 3934 1500 4005 cori·

545 4033 627 4103 tuiis
648 4031 811 4119 affectum.

292 4206 434 4260 rumim
503 4190 568 4255 Pro
590 4187 716 4255 salubri
739 4187 881 4267 consiliu,
898 4187 1024 4253 affabili
1043 4190 1210 4277 colloquia
1227 4196 1260 4257 et
1276 4192 1362 4258 dulci
1384 4194 1500 4260 solatio

291 4276 335 4327 ΨΘ
290 4276 429 4407 ὡΡθΡῗ*
412 4292 562 4383 gratis
599 4297 634 4357 et
670 4289 850 4355 liberaliter
886 4291 1043 4357 exhibitis
1075 4292 1107 4359 S.
1139 4296 1341 4379 procuratori
1376 4302 1498 4377 nostro,

290 4351 438 4474 iemrysorllis
457 4401 576 4462 vestr-ee
598 4393 821 4460 sincerissimae
843 4394 976 4459 caritati
991 4399 1131 4481 quantas
1151 4397 1297 4461 valemus
1318 4398 1498 4483 gratiarum

292 4478 600 4605 S‘E‘nffiffifflffectiones
630 4497 725 4583 proni
756 4496 933 4575 referimus,
969 4498 1188 4585 supplicantes
1219 4501 1381 4565 attentius
1418 4523 1497 4586 qua-

293 4608 396 4660 Grosse-
457 4609 553 4668 tenue
585 4600 682 4665 radix
715 4598 899 4664 dilectionis
936 4622 1012 4686 erge
1049 4623 1109 4666 nos
1145 4602 1276 4680 habitae,
1308 4625 1407 4689 quam
1440 4626 1499 4690 per

290 4675 397 4807 m„
458 4703 693 4772 exhibitionem
716 4704 821 4788 0peris
845 4702 997 4769 novimus
1020 4724 1087 4769 non
1109 4705 1213 4771 solum
1236 4706 1416 4792 pullulasse,
1441 4708 1498 4773 sed
