3500 5784
289 1546 382 1599 Erech.

289 1614 383 1667 mlii.
394 1622 417 1667 8.

290 1741 406 1860 :hichie

291 1810 423 1937 Ezekinet

456 846 523 910 398
780 862 928 915 nornen
949 863 1178 915 alostum

456 1032 583 1114 sufficit,
606 1034 758 1103 addenda
778 1044 830 1103 est
851 1044 888 1105 et
908 1058 1066 1105 manuum
1096 1038 1292 1105 confricatio.
1347 1037 1509 1105 lienibus

457 1142 567 1203 eutem
600 1138 699 1225 pedes
729 1139 915 1207 sordidatos
936 1140 974 1206 in
994 1162 1082 1227 eque
1102 1140 1286 1221 confricare,
1310 1140 1391 1228 quid
1411 1139 1509 1207 eliud

457 1247 507 1306 est
529 1261 628 1327 quem
660 1262 755 1329 opere
786 1242 1010 1310 ecclesiastice
1038 1243 1219 1330 discipline
1252 1244 1429 1309 secundum
1451 1266 1510 1309 st·

457 1344 616 1431 pientiam
639 1342 818 1433 Scriptum
833 1346 944 1412 sordes
966 1346 1143 1412 effectuum
1164 1346 1286 1413 tollere
1331 1345 1398 1412 Sed
1416 1346 1509 1413 forte

457 1445 576 1525 dicent,
599 1446 688 1533 quod
719 1448 762 1513 ed
784 1448 873 1516 hunc
895 1448 1139 1566 speculatorem,
1176 1450 1219 1515 de
1255 1471 1321 1536 qno
1358 1449 1510 1536 loquitur

458 1547 616 1629 Ezechiel,
639 1570 707 1615 non
721 1550 812 1616 eliud
833 1550 978 1637 pertinet
999 1551 1064 1617 nisi
1086 1572 1161 1617 cum
1185 1550 1312 1618 viderit
1342 1550 1508 1637 ylcdimu

458 1650 647 1717 venientem
669 1674 771 1737 seper
793 1659 921 1720 wrrcan
942 1652 1119 1721 tiemo
1103 1674 1275 1733 comeare,
1297 1654 1360 1721 hoc
1380 1660 1437 1732 est
1460 1676 1507 1720 ex

406 1752 635 1877 yScripture
669 1755 765 1821 velut
795 1776 838 1821 ex
869 1778 925 1822 ore
958 1756 1103 1839 Domini,
1124 1758 1334 1837 mancine,
1365 1758 1502 1844 quod
1474 1780 1505 1821 ει

457 1855 571 1921 fecerit
601 1858 793 1944 speculator,
826 1858 970 1923 animem
1001 1880 1094 1925 suern
1125 1859 1300 1925 liberarit·
1335 1860 1422 1925 sicut
1457 1880 1504 1926 ex

456 1957 566 2024 verbis
581 1958 793 2025 Ezechielis
782 1982 820 2025 rn
841 1961 954 2027 eodem
975 1960 1046 2027 loeo
1067 1966 1178 2048 potest
1191 1962 1357 2049 perpendi.
1406 1960 1505 2042 Quod

457 2060 590 2147 quidem
622 2066 657 2127 et
689 2084 749 2149 ego
782 2082 899 2129 verum
929 2084 998 2129 esee
1030 2064 1136 2144 credo,
1158 2062 1319 2143 videlicet,
1353 2064 1443 2150 quod
1473 2066 1505 2129 si

457 2163 596 2230 buccine
616 2164 747 2230 insonet
769 2164 959 2251 specuuter,
981 2165 1044 2231 hoc
1057 2170 1110 2231 eet
1130 2166 1306 2253 episeopus,
1322 2188 1398 2233 cum
1411 2164 1506 2233 vide

399 2288 434 2339 vi.
457 2265 507 2333 ott
523 2264 711 2355 [cladium]
728 2266 921 2335 venientem
933 2289 1039 2355 eupcr
1051 2274 1187 2349 terrm,
1203 2290 1301 2354 quem
1315 2269 1505 2354 evaginant

323 2390 331 2407 ·
455 2376 640 2455 peccatores
670 2376 711 2437 ct
744 2368 922 2457 decipient
939 2392 1126 2457 pauperem
1147 2377 1178 2437 et
1197 2370 1348 2459 inopere,
1372 2378 1403 2437 ct
1428 2378 1504 2438 oru-

457 2470 571 2539 edent
592 2479 694 2539 rcctoe
714 2470 818 2551 corde,
842 2474 987 2539 enimam
1001 2496 1094 2539 suem
1108 2472 1271 2539 liberarit
1316 2473 1412 2553 Quod
1426 2473 1505 2539 etsi

458 2573 602 2642 tutem
615 2596 690 2641 cort
704 2575 907 2653 ireecuoeit,
922 2596 997 2641 oum
1018 2576 1206 2662 hujusmodi
1225 2575 1388 2662 plcdsicm
1408 2574 1503 2643 oeci

378 2676 715 2756 'coelemoe'dere't
738 2684 769 2745 et
787 2675 1506 2765 poponemeetodiettaeemepe

457 2781 599 2869 plecte
620 2787 651 2849 et
674 2778 793 2847 tulerit
814 2780 854 2847 de
877 2779 927 2846 cie
947 2777 1115 2859 carettum,
1142 2780 1352 2866 mepcdwm
1372 2780 1444 2868 ejus
1464 2780 1506 2846 de

458 2906 570 2953 mccc
605 2881 826 2971 epemelotooie
846 2880 995 2968 requiret
1016 2882 1114 2961 Deus,
1137 2882 1223 2948 siout
1243 2882 1280 2948 in
1301 2884 1415 2951 eodem
1436 2883 1506 2949 loeo

457 2987 631 3055 manifeste
652 2984 845 3052 ostenditur.
904 2982 971 3049 Sed
992 2984 1050 3070 qui
1070 2984 1210 3050 credunt
1231 2984 1331 3071 hujus
1360 2984 1504 3052 buocinoe

457 3091 603 3156 sonitum
633 3110 702 3156 esse
732 3086 837 3153 solum
867 3086 1045 3152 verborum
1076 3107 1133 3151 ore
1165 3086 1377 3173 praelctorum
1413 3094 1505 3154 exte·

457 3193 576 3259 riorem
591 3193 744 3269 sonitum,
759 3190 796 3256 ni
810 3188 914 3268 fuller,
928 3189 991 3275 ipsi
1005 3188 1168 3255 falluntur
1183 3190 1371 3277 plurimum.
1410 3189 1505 3256 Nuu-

457 3296 537 3383 quid
560 3296 648 3363 enim
683 3292 839 3382 preelctus
871 3290 1015 3357 animem
1044 3312 1137 3357 suem
1167 3291 1330 3372 libemvit
1353 3295 1383 3359 si
1404 3293 1504 3359 verbo

324 3424 330 3439 ·
457 3404 554 3465 tenen
587 3398 734 3464 dixeriti
790 3394 828 3461 Si
857 3394 920 3460 hoc
953 3398 1047 3474 esset,
1072 3392 1163 3481 Hely
1188 3395 1338 3461 sacerdos
1359 3396 1504 3461 enimam

457 3522 549 3568 suum
575 3500 751 3567 liberueeet.
798 3497 899 3564 Dixit
919 3497 1010 3562 enim
1037 3496 1117 3562 filiis
1138 3496 1207 3563 suis
1228 3497 1384 3563 exteriori
1404 3498 1505 3563 verbo

457 3626 530 3691 quie
552 3608 686 3691 possent
707 3602 778 3688 ejus
800 3600 843 3665 ed
865 3599 1005 3666 salutem
1039 3598 1191 3665 sufficere
1244 3598 1311 3666 Sed
1340 3599 1426 3667 doct
1445 3600 1506 3667 bos

458 3706 513 3772 vel
535 3726 639 3791 equus
660 3708 812 3771 mortuus
834 3722 910 3769 vere
933 3702 1082 3797 boeqnon
1114 3706 1166 3767 est
1195 3705 1256 3767 eut
1278 3700 1401 3788 equus)
1426 3700 1505 3767 dici·

456 3814 512 3874 tur
534 3813 646 3873 temen
676 3805 841 3873 communi
871 3824 1021 3869 sermone
1042 3822 1117 3868 eum
1139 3803 1339 3891 conspicitur
1367 3803 1506 3870 cederet

456 3910 621 3997 integrum
654 3908 702 3974 ibi
715 3908 830 3994 jecere,
854 3906 913 3972 bos
934 3910 995 3972 eut
1027 3926 1131 3991 equus
1143 3930 1153 3987 ;
1183 3906 1231 3972 sio
1259 3906 1399 3973 verbum
1432 3904 1506 3989 oris,

455 4014 533 4080 licet
566 4011 748 4098 vulgariter
788 4009 927 4075 verbum
971 4006 1108 4087 dicetur,
1141 4028 1219 4074 vere
1260 4010 1401 4075 verbum
1439 4030 1505 4076 nou

457 4123 530 4197 est3
566 4134 672 4201 neque
702 4112 773 4200 ejus
805 4112 944 4199 prolatio
977 4129 1058 4176 vere
1100 4110 1311 4177 annuntiatio
1349 4116 1407 4190 eet,
1441 4112 1504 4177 nisi

456 4218 551 4285 vivet
573 4217 711 4285 verbum
742 4214 909 4303 prolatum
931 4234 973 4279 ex
1002 4212 1153 4279 interiori
1184 4212 1250 4279 fide
1271 4233 1332 4300 per
1351 4214 1506 4301 prolatio·

456 4320 555 4387 neru¹
594 4316 788 4387 exterioris⁸
825 4318 988 4405 operante.
1047 4314 1099 4381 De
1128 4314 1312 4402 cujusmodi
1340 4314 1442 4383 verbo
1470 4324 1506 4383 et

611 4488 676 4495 ...ψ--
686 4488 707 4493 ..-
719 4488 762 4493 .-—
776 4484 996 4493 -—.---·-....-.....-

722 4584 729 4614 ¹
747 4590 853 4633 morture
869 4618 876 4631 .
894 4618 902 4631 .
920 4616 926 4630 .
943 4578 1032 4645 coetu]
1049 4580 1182 4632 om.'.l'rin.

722 4664 732 4693 ¹
744 4660 915 4729 ssewicen]
934 4659 1101 4721 dilectionem.
1112 4658 1209 4722 (ΜΟ,
1221 4660 1275 4714 Ox.

722 4736 1090 4807 metrumne:
