3500 5784
474 835 538 906 170
792 853 940 905 connum
963 854 1196 906 onossnrnsrn

471 1027 566 1090 tento
602 1026 708 1114 megin
749 1025 880 1114 indiget
917 1028 958 1094 de
997 1026 1172 1116 preteritis
1209 1027 1521 1116 transgressionibus

301 1137 396 1192 Pecu.
409 1144 433 1192 ⁵.
470 1147 583 1192 verum
615 1149 771 1216 peregere
803 1130 1047 1217 poenitentium,
1070 1135 1111 1198 ut
1140 1137 1320 1198 rumpetur
1352 1137 1521 1218 coucam
1715 1103 1716 1186 i

469 1228 596 1315 modo
620 1230 783 1316 juventus
806 1233 887 1318 ejus,
910 1233 953 1298 cd
975 1233 1064 1320 quod
1098 1233 1393 1300 consummandum
1416 1241 1519 1298 truns-

468 1331 586 1398 mimus
608 1340 659 1399 est
680 1335 724 1400 sd
740 1341 889 1402 restmm
911 1337 1092 1424 collegium.
1139 1336 1225 1418 Quis
1246 1338 1349 1424 igitur
1370 1337 1519 1402 infirmus

468 1439 519 1500 est
551 1442 587 1502 et
619 1459 729 1518 senex,
753 1439 890 1526 expedit
920 1439 1025 1526 magis
1059 1443 1099 1504 ut
1129 1444 1264 1526 propter
1287 1461 1417 1506 censum
1440 1463 1518 1527 prae·

468 1539 592 1604 dictum
613 1540 783 1606 vobiscum
814 1547 969 1620 moretur,
993 1546 1033 1608 ut
1059 1542 1196 1629 spiritus
1229 1543 1299 1629 ejus
1329 1543 1518 1628 juvenescat

467 1644 503 1706 et
524 1646 681 1725 senetur3
714 1649 827 1710 vestre
857 1645 958 1710 etiem
990 1645 1170 1731 compassio
1202 1666 1302 1731 quum
1329 1645 1440 1710 dicitis
1460 1667 1517 1710 vos

467 1743 587 1811 hebere
609 1746 651 1812 de
673 1747 795 1829 eodem,
819 1748 848 1813 ci
870 1751 921 1813 est
942 1769 1029 1828 veru,
1052 1747 1148 1834 plure
1173 1749 1244 1833 ejus
1275 1747 1463 1814 infirmitcti
1485 1753 1518 1813 et

466 1849 558 1913 senio
580 1849 754 1936 praeetebit
775 1850 895 1915 solutic
916 1871 1016 1936 quem
1030 1849 1195 1919 inveniret
1215 1851 1252 1916 iu
1268 1850 1364 1916 domo
1379 1851 1516 1938 propriu

468 1951 607 2038 Insuper
644 1952 673 2016 si
709 1952 810 2018 hebet
846 1953 1063 2039 cupiditatem
1101 1951 1242 2018 dissolvi
1278 1957 1308 2018 et
1345 1973 1409 2019 cece
1440 1975 1517 2018 cum

469 2051 610 2132 Otr-isto,
633 2055 719 2122 sicut
751 2054 869 2120 hebuit
896 2055 1085 2142 Apostolus,
1108 2055 1233 2120 bonum
1256 2061 1308 2120 est
1330 2053 1425 2121 eum¹
1450 2077 1515 2121 esse

465 2155 525 2223 ubi
547 2155 712 2245 cupiditas
734 2157 804 2223 huec
817 2157 976 2244 majorem
998 2156 1120 2222 hebeat
1135 2157 1331 2224 incrementi
1353 2156 1515 2238 fomitem

466 2257 616 2324 fomitem
667 2265 779 2326 eutem
826 2259 1052 2345 hujuscemodi
1098 2261 1283 2326 desiderntn
1330 2261 1516 2326 transitoris

466 2383 541 2426 cum
563 2361 735 2441 habentur,
759 2363 866 2428 solent
888 2369 948 2429 cut
974 2363 1106 2451 penitus
1138 2363 1332 2451 extinguere
1363 2367 1423 2428 eut
1445 2362 1514 2451 pln-

466 2463 588 2531 n'mum
601 2485 764 2531 enervare
802 2463 951 2553 Expedit
973 2465 1076 2552 igitur
1098 2465 1205 2532 eidem
1227 2467 1333 2554 magis
1347 2465 1514 2540 vobiscum

467 2589 605 2648 manere,
630 2568 719 2656 quod
752 2568 917 2634 desideret
950 2569 1069 2646 minus,
1103 2591 1203 2654 quum
1236 2569 1371 2634 domum
1403 2569 1514 2648 redire,

466 2671 555 2757 quod
578 2672 740 2737 desideret
762 2671 926 2758 emplius;
948 2673 978 2736 si
1000 2676 1111 2736 eutem
1134 2693 1177 2736 ex
1199 2673 1279 2738 vitae
1294 2671 1394 2759 hujus
1415 2671 1514 2738 taedio

465 2777 500 2840 et
537 2773 684 2840 tristitiis
719 2773 831 2854 nemeti,
863 2795 937 2860 quae
975 2777 1118 2839 mortem
1154 2781 1322 2860 operetur,
1361 2775 1515 2840 accidiose

330 2883 338 2898 ‘
466 2877 549 2943 mori
571 2878 741 2955 desideret
764 2877 900 2964 expedit
922 2875 1026 2964 magis
1048 2881 1087 2941 ut
1110 2881 1220 2941 vestro
1240 2875 1368 2942 fruetur
1390 2878 1513 2955 solutio,

465 2981 652 3067 hujusmodi
673 2980 813 3046 taedium
834 2983 870 3045 et
892 2979 1065 3045 tristitiem
1099 2979 1252 3059 leniente,
1274 3001 1375 3065 quum
1408 2979 1512 3046 locum

463 3085 569 3162 edent,
602 3083 669 3163 ubi,
703 3082 792 3147 nisi²
824 3087 953 3147 veteres
986 3080 1057 3166 ejus
1088 3102 1193 3146 mores
1226 3082 1360 3168 plurimi
1398 3081 1514 3148 immu-

399 3229 405 3244 ·
464 3184 608 3266 tentur⁸,
631 3186 672 3250 de
694 3207 760 3272 quo
781 3183 910 3249 nullum
941 3182 1048 3248 edhuc
1070 3184 1248 3270 recepimus
1271 3191 1398 3250 certum
1420 3207 1512 3272 argu·

464 3295 614 3354 mentum
624 3286 645 3367 ⁴,
668 3286 800 3354 accidiae
821 3286 928 3372 majus
961 3285 1127 3352 inveniret
1148 3285 1339 3352 fomentum.
1386 3288 1512 3376 Suggil-

463 3392 540 3457 latis
562 3397 674 3457 eutem
697 3411 756 3455 nos
790 3390 831 3454 de
865 3389 968 3454 ferreo
1000 3393 1129 3476 pectore
1164 3394 1199 3454 ct
1229 3395 1358 3456 cnrente
1381 3393 1509 3479 pietate,

463 3495 499 3560 in
521 3493 690 3559 literumm
704 3497 890 3558 vestrorum
913 3489 1005 3556 cclcc.
1045 3490 1186 3557 Utinam
1208 3497 1321 3578 pectus
1336 3492 1510 3558 habeamus

463 3598 604 3662 ferreum
648 3598 682 3661 et
720 3595 849 3674 durum,
889 3592 1042 3660 videlicet
1088 3595 1177 3680 quod
1214 3595 1335 3658 molliri
1372 3600 1510 3682 nequeat

462 3697 633 3765 blanditiis
656 3697 884 3777 seductorum
913 3695 1008 3778 forte,
1032 3695 1120 3783 quod
1149 3695 1256 3784 fiungi
1282 3704 1424 3784 nequeat
1446 3703 1511 3763 ter-

462 3802 589 3868 roribus
611 3801 791 3879 melorum3
822 3803 964 3878 acutum,
989 3797 1077 3884 quod
1099 3797 1183 3864 vitio
1204 3805 1326 3866 resecet
1349 3805 1383 3866 et
1398 3801 1510 3865 edver-

294 3911 388 3962 Erech.
400 3913 437 3965 iii.
462 3905 571 3970 santis
607 3903 694 3968 moia
729 3896 902 3967 disturbet
963 3899 1006 3965 In
1043 3899 1212 3968 Ezechiele
1249 3901 1364 3968 omnic
1391 3901 1510 3968 doinus

295 3983 318 4038 ⁷·
331 3984 355 4041 ⁸2
366 3985 389 4030 ⁹·
460 4005 574 4074 rame
595 4005 684 4071 uon
704 4010 755 4070 cc
775 4003 876 4068 fune
891 4001 982 4069 euro
997 4001 1116 4082 otuu·
1139 4003 1428 4071 succresceret
1443 4027 1511 4070 eru-

463 4108 609 4176 delitetis
646 4111 681 4173 et
717 4105 863 4184 msiitiae,
903 4127 1002 4194 quem
1039 4129 1059 4170 e
1096 4106 1191 4172 nobis
1228 4111 1358 4174 evertet
1398 4107 1509 4187 Deus;

463 4218 577 4279 contre
607 4232 706 4296 quum
729 4208 886 4274 duritiem
909 4209 988 4274 dete
1009 4213 1060 4274 est
1083 4207 1251 4295 prophetie
1269 4209 1380 4294 factes
1402 4209 1510 4276 vaten-

493 4667 501 4699 ¹
518 4667 583 4732 cm]
596 4665 773 4723 enim‚C.C.C.
1043 4663 1052 4689 ³
1068 4661 1233 4730 tumtunm]
1251 4663 1389 4726 imitentur,
1401 4665 1453 4715 Sin

492 4750 503 4779 ²
519 4746 582 4812 niet]
601 4759 649 4796 om.
662 4744 715 4797 sid
1044 4741 1052 4771 ⁴
1068 4738 1119 4792 8ἰὰ
1129 4741 1226 4804 insere,
1234 4744 1292 4810 quin
1301 4741 1353 4806 ibic
1364 4745 1414 4796 Ox.
1424 4753 1506 4802 nm.
