3500 5784
718 856 898 907 EPISTOLAE.
1295 846 1338 907 45

288 1042 403 1103 one'ror
447 1039 544 1123 quod,
582 1040 647 1105 nisi
692 1043 777 1105 esset
822 1039 1017 1126 depositum,
1063 1044 1149 1105 esset
1192 1042 1341 1127 graviter

289 1161 528 1226 oppressurum.
575 1140 680 1207 Vale¹
705 1142 741 1206 in
766 1140 907 1207 Christo,

787 1476 846 1539 IX.

288 1668 517 1739 Dilectissimo
539 1668 608 1738 sibi
630 1672 674 1738 ia
698 1670 833 1739 Christo
848 1670 1117 1757 mopistroAdoe
1132 1672 1173 1739 dc
1188 1671 1341 1739 Maliaco
1396 1697 1467 1743 rasa.

484 1794 571 1840 caua
593 1773 758 1839 Robamua
782 1774 974 1841 Groasetcata
996 1773 1148 1840 achaeia.

334 1938 479 2027 Recepta
500 1940 641 2028 epistola
662 1938 741 2007 tua⁹
764 1921 929 2007 dulcidum
951 1940 1190 2022 consolationis,
1214 1962 1343 2007 necnon
1355 1956 1500 2009 Answato

289 2046 324 2106 ei
352 2042 417 2129 piae
451 2042 727 2128 aggratulationis
750 2042 1037 2129 magnanimesque
1059 2042 1341 2120 corroborationis,
1353 2023 1511 2141 fflffie

289 2164 355 2208 non
378 2144 544 2209 modicum
566 2143 764 2209 refocillatus
787 2149 837 2209 est
859 2144 996 2230 spiritus
1018 2165 1117 2209 meus
1163 2145 1343 2231 Postquam
1354 2156 1474 2209 Maricae.

289 2248 376 2313 enim
407 2249 520 2335 gravis
553 2250 690 2315 sarcinae
712 2250 905 2335 viribusque
927 2250 1009 2315 meis
1031 2250 1249 2336 importabilis
1270 2248 1453 2337 gra-lleh¹¹8

290 2351 414 2415 viorem
451 2356 578 2437 partem
618 2351 755 2437 deposui
766 2350 789 2430 ³,
823 2374 928 2437 usquc
958 2352 1002 2416 ad
1039 2358 1133 2417 tuam
1171 2353 1344 2439 epistolam
1355 2316 1495 2432 mit&

290 2450 415 2517 nullam
444 2452 559 2517 inveni
593 2452 636 2517 ab
668 2452 801 2518 homine
835 2474 947 2519 veram
980 2454 1257 2535 consolationem
1286 2448 1467 2526 aedmer-
1535 2450 1541 2459 '

289 2552 465 2618 nonnullas
488 2550 621 2618 acerbas
643 2552 899 2641 objurgationes,
923 2555 1092 2620 mordaces
1119 2554 1343 2632 detractiones,
1356 2516 1510 2645 ffiiffl

291 2658 325 2719 et
355 2654 456 2720 ctiam
487 2674 509 2719 a
542 2652 760 2719 familiaribus
793 2676 912 2742 graves
942 2655 985 2720 ad
1015 2655 1247 2721 sustinendum
1270 2647 1449 2764 εστι-’ἓξὲξ

290 2760 442 2842 temptas
490 2755 612 2821 Crebro
635 2777 764 2842 quoque
789 2756 895 2844 ipsius
916 2756 1054 2822 sarcinae
1087 2778 1161 2821 mea
1184 2757 1345 2842 depositio

291 2878 363 2921 cum
385 2856 552 2922 fatuitatis
574 2858 770 2944 improperio
804 2858 886 2921 mihi
917 2864 968 2924 est
994 2857 1131 2943 objecta
1178 2856 1251 2923 Sic⁴
1274 2858 1344 2923 haec

292 2964 325 3025 et
346 2958 543 3045 hujusmodi,
566 2958 644 3024 licet
666 2958 814 3024 animum
842 2981 953 3024 meum
975 2960 1143 3025 infirmum
1166 2959 1345 3045 aliquando

292 3060 332 3125 sd
364 3061 478 3127 horam
509 3060 768 3141 molestaverint,
791 3060 834 3125 ad
866 3082 920 3126 me
952 3063 1066 3126 temen
1100 3082 1249 3127 reversus
1270 3083 1345 3148 gra-

293 3166 402 3227 tanter
423 3161 572 3247 suscipio.
620 3160 656 3225 Si
689 3161 777 3225 enim
809 3160 901 3226 fatue
931 3160 994 3226 feci
1025 3161 1061 3225 in
1092 3161 1144 3226 his
1176 3167 1211 3227 et
1232 3160 1345 3246 hujus-

293 3262 390 3341 modi,
431 3262 560 3349 justam
597 3282 730 3348 poenam
775 3266 929 3347 report03
974 3265 1009 3327 et
1045 3262 1178 3328 veniam
1215 3284 1236 3326 a
1272 3262 1344 3327 Dco

294 3368 414 3450 petens,
448 3363 591 3447 justicia
620 3362 711 3427 illius
748 3362 967 3443 laetabundus,
1006 3368 1041 3428 et
1076 3364 1202 3449 gratias
1235 3384 1344 3449 agens,

154 3502 165 3519 ·
293 3465 442 3529 assentio.
488 3463 527 3529 Si
559 3484 638 3528 vero
668 3462 834 3549 sapienter
864 3468 1027 3549 gravante
1060 3485 1158 3529 onere
1188 3485 1240 3528 me
1262 3464 1345 3529 rele-

295 3567 381 3643 vari,
408 3565 475 3631 scio
506 3570 628 3643 tamen,
654 3564 742 3651 quod
765 3564 801 3629 in
823 3564 937 3629 eodem
960 3563 1046 3629 facto
1069 3564 1346 3651 coinquinationis

294 3667 420 3738 macula
453 3686 520 3732 non
554 3686 655 3746 careo,
691 3686 765 3732 cum
797 3685 913 3731 omncs
941 3664 1090 3751 pectilia
1118 3673 1242 3732 costroe
1272 3665 1511 3732 mamasac.

295 3774 463 3854 tunquam
488 3788 635 3853 parmate
668 3772 898 3847 mastrucae,
931 3772 966 3831 et
996 3766 1085 3831 mala
1115 3772 1229 3833 nostra
1262 3790 1346 3854 pura

294 3870 380 3934 mala
410 3874 498 3947 sunt,
521 3868 609 3934 bona
630 3872 742 3933 autem
765 3874 881 3933 nostra
902 3888 970 3932 non
992 3890 1075 3954 pura
1105 3868 1199 3933 bona
1246 3868 1346 3936 Unde

294 3969 509 4035 contumelias
543 3976 578 4036 et
608 3974 818 4057 contemptus
847 3974 944 4035 tanto
975 3970 1163 4055 gratantius
1185 3970 1346 4057 suscipere

294 4072 406 4153 debeo,
439 4075 565 4157 quanto
602 4071 708 4157 magis
744 4072 799 4158 pie
834 4072 1034 4158 sperandum
1072 4078 1130 4151 est,
1165 4072 1254 4159 quod
1289 4073 1347 4137 ad-

294 4173 410 4239 mixtae
432 4172 708 4260 coinquinationis
741 4172 786 4238 sit
821 4173 963 4239 salubris
993 4174 1155 4260 purgatio.
1199 4174 1255 4238 Ad
1277 4173 1348 4239 haec

293 4276 425 4341 noverit
453 4278 521 4341 tuae
554 4274 737 4341 dilectionis
768 4273 931 4355 discretio,
965 4275 1053 4360 quod
1081 4274 1263 4361 adjuvante
1296 4275 1348 4340 di·

330 4614 336 4645 ¹
363 4610 432 4679 Vcle]
452 4612 554 4677 valeas,
567 4612 619 4665 Sid.
878 4610 1018 4680 ’depecufl
1037 4611 1155 4677 disposui,
1166 4612 1254 4667 (20.st

329 4692 410 4757 ²larci]
428 4700 479 4755 tue,
491 4690 580 4746 0.c.c.
879 4690 966 4759 ⁴850]
985 4692 1022 4753 Si,
1033 4691 1124 4745 O.c.c.
