3500 5784
696 859 876 916 mrsronn.
1244 849 1307 922 281

262 1042 298 1107 et
330 1038 491 1106 baronum
528 1035 803 1106 excommunicati
836 1041 917 1106 eunt
952 1047 1066 1107 omnes
1103 1039 1162 1128 qui
1197 1045 1312 1109 contra

262 1147 411 1210 tenorem
433 1141 555 1208 chartea
576 1142 742 1229 praedictae
757 1140 871 1209 venire
893 1143 1183 1230 presumpserint3
1204 1167 1226 1210 a
1246 1167 1314 1233 qua

262 1243 596 1313 excommunicatione
618 1245 770 1311 dominus
791 1265 851 1312 rex
886 1251 921 1312 et
949 1246 1087 1312 barones
1108 1247 1147 1312 in
1168 1247 1312 1333 quodam

261 1347 422 1436 colloquio
443 1347 569 1414 domini
591 1347 677 1434 regin
698 1347 736 1412 in
758 1347 884 1434 capella
904 1348 1012 1415 beatae
1028 1347 1200 1416 Katerinae
1222 1350 1312 1438 apud

262 1447 596 1530 Westmonasterium,
613 1471 652 1516 eo
674 1449 762 1536 quod
776 1449 962 1516 timuerunt
983 1471 1018 1516 se
1039 1451 1076 1516 in
1097 1452 1312 1519 eandem'ex-

261 1553 586 1620 communicationem
616 1550 777 1630 incidisse,
800 1551 970 1637 petierunt
1002 1552 1166 1620 instanter
1195 1575 1231 1622 se
1252 1558 1311 1623 ab

261 1657 344 1722 solvi
375 1676 397 1721 a
421 1653 613 1720 venerabili
634 1655 728 1741 patre
760 1651 938 1721 Edmundo
969 1653 1219 1744 archiepiscopo,
1253 1659 1311 1744 qui

261 1779 315 1824 eoa
336 1757 479 1824 absolvit
501 1755 562 1822 sub
577 1755 639 1822 hac
652 1755 765 1834 forme,
782 1755 944 1835 videlicet,
968 1757 1056 1842 qnod
1078 1759 1107 1824 si
1129 1759 1170 1825 de
1192 1765 1310 1828 caetero

260 1865 374 1927 contra
396 1859 588 1947 praedictam
610 1857 757 1924 chartam
779 1857 940 1937 venirent,
965 1858 1035 1946 ipso
1056 1860 1144 1928 iacto
1166 1861 1203 1927 in
1226 1884 1311 1950 prae·

260 1963 363 2029 fatam
384 1961 632 2029 revolverentur
654 1961 1032 2029 excommunicationem

306 2065 389 2146 Quae
411 2064 523 2150 itaque
545 2064 588 2130 ob
609 2062 809 2150 imperitiam
830 2063 1058 2149 persuadentis
1077 2065 1194 2151 majori
1208 2088 1308 2154 quam
1321 2073 1455 2142 Sumnny

261 2171 425 2254 oporteret
446 2165 646 2253 prolixitate,
662 2169 698 2232 et
711 2163 830 2232 minori
846 2185 945 2250 quam
968 2170 1132 2252 oporteret
1155 2167 1303 2250 efficacia,
1317 2142 1406 2260 ffig

259 2289 390 2355 quoquo
412 2267 509 2334 modo
530 2287 684 2354 persuasa
712 2271 801 2346 sunt,
832 2267 894 2331 sub
924 2268 1203 2356 recapitulationis
1233 2271 1307 2339 bre·

260 2372 367 2437 vitate
389 2369 619 2457 comprehensa
634 2373 712 2434 sunt
726 2367 797 2435 haee
810 2367 1022 2450 :-Primum,
1039 2369 1201 2455 videlicet,
1221 2375 1309 2461 quod

259 2473 395 2540 abbates
416 2472 566 2551 maxime,
591 2475 626 2538 et
647 2475 881 2557 consequenter
902 2471 977 2538 aliae
999 2471 1223 2541 ecclesiasticae
1237 2498 1310 2563 pcr-

259 2597 356 2656 sonae,
378 2575 451 2642 sine
473 2573 569 2663 gravi
590 2569 685 2660 culpa
714 2593 862 2640 exercere
895 2595 963 2640 non
995 2579 1135 2661 possunt
1168 2575 1310 2644 officium

259 2678 411 2744 secularis
451 2675 650 2764 justitiarios,
683 2695 741 2741 seu
777 2675 1026 2743 vicecomitatus
1069 2697 1127 2743 eeu
1171 2678 1311 2746 ballivae

258 2783 377 2860 tenere,
402 2778 587 2866 dequibus
617 2781 774 2844 tenentur
804 2778 950 2864 personis
981 2777 1181 2846 secularibus
1210 2781 1311 2847 ratio-

259 2881 346 2967 cinia
378 2879 535 2962 reddere;
568 2879 721 2966 quodque
754 2878 907 2944 dominus
928 2897 989 2945 rex
1011 2879 1054 2946 cd
1076 2879 1147 2948 haec
1169 2883 1309 2970 compel-

258 2983 364 3064 lendo,
387 2988 422 3050 et
442 2979 572 3070 praelati
593 2979 714 3048 talibus
736 3002 805 3047 non
820 2979 1019 3061 obsistendo,
1042 3005 1110 3050 non
1132 2983 1199 3050 levi
1221 3007 1309 3050 com·

258 3085 465 3152 maculantur
507 3087 649 3172 peccato.
708 3081 907 3163 Secrmdum,
952 3083 1041 3169 quod
1085 3085 1309 3154 ecclesiasticae

259 3209 404 3274 personae
427 3209 501 3253 cum
523 3187 728 3273 impetuntur
749 3185 786 3250 in
807 3184 970 3271 personali
1000 3185 1137 3268 actione,
1161 3189 1309 3275 graviter

259 3295 395 3376 peccant
424 3288 560 3354 seculari
585 3287 712 3374 judicio
742 3307 777 3353 sc
810 3287 1045 3353 submittentes
1054 3287 1075 3369 ¹,
1099 3293 1134 3354 et
1156 3288 1309 3357 dominus

257 3413 317 3456 rex
345 3389 538 3476 judicesque
567 3387 725 3456 seculares
757 3389 880 3456 clerum
915 3389 1042 3454 adhoc
1068 3389 1307 3480 compellentes,

257 3499 293 3558 et
315 3489 457 3580 episcopi
479 3490 540 3558 tali
562 3489 763 3579 oppressioni
796 3489 963 3557 libertatis
995 3489 1217 3560 ecclesiastieae
1239 3517 1307 3561 non

259 3595 453 3662 resistentes
504 3593 661 3674 Tertium,
695 3590 783 3679 quod
810 3593 939 3678 judices
970 3591 1129 3660 seculares
1161 3597 1308 3682 gluviter

257 3702 393 3785 peccant
413 3717 488 3764 oum
510 3695 547 3762 iu
568 3693 637 3760 loro
671 3715 730 3761 suo
760 3693 979 3760 determinare
1008 3701 1212 3781 praesumunt
1233 3719 1307 3786 quoe

258 3823 354 3867 causa
390 3799 436 3866 sit
471 3794 686 3865 ecclesiastica
723 3801 758 3862 et
795 3817 869 3882 quae
906 3793 1066 3876 secularis,
1100 3797 1231 3884 quando
1264 3801 1307 3866 ad
1408 3870 1411 3879 ,

257 3907 369 3970 utrum
391 3901 499 3968 iomm
530 3899 695 3988 pertineat
717 3899 860 3964 vertitur
881 3897 919 3963 in
941 3897 1087 3964 dubium
1132 3899 1306 3984 Quartum,

258 4007 346 4091 quod
367 4001 468 4070 iidem
486 4001 613 4089 judices
641 4001 786 4089 graviter
818 4006 962 4087 peccant,
986 4022 1060 4066 cum
1091 4023 1203 4068 causas
1225 4027 1306 4092 quas

257 4111 373 4173 notum
395 4111 446 4172 est
466 4127 547 4194 pure
569 4125 638 4171 esse
661 4103 895 4170 ecclesiasticas
923 4102 960 4166 in
991 4101 1062 4168 foro
1092 4105 1229 4172 seculari
1250 4106 1307 4173 dc·

258 4209 419 4276 scindunt
480 4207 652 4290 Quintum,
687 4205 775 4292 quod
812 4204 953 4271 ecclesiae
990 4203 1124 4271 libertas
1160 4207 1306 4294 graviter

258 4311 390 4378 laeditur
427 4329 501 4376 oum
545 4307 666 4376 decisio
709 4327 881 4374 causarum
915 4303 1202 4374 ecclesiasticarum
1246 4331 1306 4397 per

258 4411 494 4502 prohibitiones
536 4411 641 4500 regias
681 4408 847 4498 judicibus
895 4407 1117 4478 ecclesiasticis
1164 4409 1305 4480 directas

523 4743 532 4774 ¹
547 4739 721 4808 celuim]
739 4737 944 4804 sublatentieuaa,
954 4737 1044 4793 G.0.0.
