3500 5784
671 919 849 970 marona.
1224 909 1288 974 419

242 1093 415 1181 languores
436 1115 573 1176 curasse,
597 1099 632 1162 st
663 1096 880 1182 praedicasse?
936 1095 1015 1161 Non
1046 1100 1097 1161 est
1130 1095 1290 1177 auditum,
1378 1178 1380 1181 Ι

239 1198 326 1282 quod
349 1197 501 1285 discipuli
517 1198 698 1264 Dominum
712 1199 928 1286 increparent,
946 1219 1020 1264 oum
1041 1203 1118 1285 post
1139 1197 1290 1264 collatam

239 1299 286 1364 eis
316 1299 547 1387 praediotorum
570 1305 778 1388 potestatam,
802 1300 942 1388 ipsemet
973 1299 1187 1367 nihilominus
1218 1301 1289 1368 haec

237 1400 366 1468 faceret.
434 1401 590 1484 Qrdnimo
650 1401 772 1489 legitur
815 1402 905 1489 quod
955 1402 1042 1467 Eum
1100 1403 1290 1490 hujusmodi

238 1501 343 1568 facere
364 1510 572 1592 rogavenmt,
595 1510 713 1592 utpote
749 1527 808 1593 pro
841 1506 911 1571 filia
933 1505 1120 1572 Chananeus
1132 1529 1142 1586 ;
1164 1505 1201 1570 in
1223 1527 1287 1592 quo

238 1604 508 1673 considerandum
522 1611 589 1686 'est
612 1607 700 1693 quod
722 1607 758 1672 in
782 1607 863 1693 Ejus
885 1607 1068 1694 praesentia
1084 1607 1161 1674 licat
1175 1607 1289 1693 hujus-

240 1707 329 1772 modi
351 1713 514 1794 potestate
537 1709 584 1774 eis
606 1709 697 1796 prius
720 1708 847 1788 collato,
871 1709 924 1774 uti
944 1731 1011 1774 non
1033 1710 1287 1796 attemptabant,

239 1810 404 1896 magistro,
429 1812 515 1876 sicut
537 1810 682 1892 decebat,
706 1810 832 1877 deferre
854 1811 1010 1890 volentes,
1042 1815 1077 1877 et
1108 1811 1198 1897 Ejus,
1221 1833 1290 1880 non

239 1913 403 1999 propriam
425 1915 563 2002 gloriam
586 1921 789 2001 quaerentes;
823 1915 994 1981 imitantes
1019 1915 1063 1980 in
1084 1915 1146 1982 hoo
1168 1915 1192 1980 J
1194 1916 1256 1981 oab
1267 1914 1288 1996 ¹,

239 2015 296 2101 qui
317 2016 490 2082 victoriam
516 2017 682 2104 capiondae
712 2017 858 2084 civitatis
889 2039 957 2084 non
988 2017 1061 2098 sibi,
1085 2017 1143 2084 sed
1177 2018 1288 2084 David

241 2117 348 2183 voluit
369 2117 494 2186 ascribi.
540 2119 610 2186 Nec
643 2118 782 2208 legimus
804 2119 894 2207 quod
917 2119 1081 2185 Dominus
1112 2119 1394 2207 discipulosrssm
1411 2147 1457 2198 xa,

241 2220 423 2307 increparet
444 2241 519 2288 cum
542 2245 580 2288 aa
609 2222 762 2300 facerent,
788 2243 862 2309 quaa
885 2244 928 2288 ex
950 2227 1114 2309 potestate
1136 2221 1199 2289 sibi
1221 2229 1288 2288 tra
1301 2217 1341 2262 ²⁸·

239 2323 311 2388 dita
332 2323 436 2390 facere
468 2323 612 2390 decebat.
657 2324 811 2411 Legimus
844 2329 959 2391 tamen
989 2325 1075 2389 Eum
1105 2323 1218 2392 fecisse
1241 2325 1287 2390 eis

240 2423 456 2512 presentibus
478 2448 553 2513 quae
574 2427 625 2492 illi
647 2428 749 2494 facere
772 2449 839 2492 non
861 2432 1024 2515 poterant,
1048 2427 1134 2493 siout
1160 2449 1234 2494 oum
1267 2451 1289 2493 a

242 2528 396 2610 lunatico,
419 2529 481 2616 qai
503 2549 589 2614 supa
604 2529 648 2596 ia
669 2529 786 2616 iguem
808 2537 839 2597 at
867 2529 977 2595 orcbm
999 2529 1044 2595 iu
1059 2549 1187 2616 aquom
1208 2530 1288 2597 rect
1302 2563 1412 2617 SM

241 2629 345 2712 ἀεναΐ,
377 2632 576 2698 daemonium
613 2632 717 2718 ejecit,
751 2632 838 2718 quod
870 2631 1023 2718 discipuli
1059 2632 1417 2717 nequiverono.xvi¹·1⁴·

241 2733 283 2798 In
305 2755 370 2822 quo
393 2735 581 2800 ostenditur
603 2734 692 2821 quod
722 2735 830 2800 multa
851 2733 1049 2802 reservanda
1081 2740 1160 2801 sunt
1194 2757 1289 2822 supe-

240 2837 317 2903 riori
351 2857 424 2924 quas
446 2835 656 2904 irrferioribus
693 2857 760 2902 non
794 2837 1056 2916 committuntur,
1077 2859 1146 2903 non
1184 2838 1290 2904 solum

242 2961 316 3025 quae
354 2941 477 3006 ordinis
514 2944 600 3019 sunt,
639 2937 695 3006 sed
739 2945 775 3006 et
820 2959 895 3026 quae
934 2938 1182 3025 jurisdictionis.
1233 2941 1292 3005 In-

244 3063 377 3130 crepans
400 3043 488 3108 enim
512 3043 612 3130 ejecit
633 3041 796 3108 Dominus
823 3042 1024 3109 daemonium
1046 3042 1115 3123 hoo,
1151 3044 1189 3109 in
1223 3066 1289 3129 quo

241 3147 321 3210 satis
343 3145 438 3212 innui
452 3145 587 3212 videtur
609 3145 792 3234 disciplina
810 3145 908 3233 rigor,
923 3145 981 3231 qui
996 3145 1097 3212 stiam
1120 3146 1290 3212 rebellium

241 3247 328 3313 mala
363 3249 527 3316 rescindit.
583 3249 763 3336 Episcopus
800 3249 905 3336 igitur
942 3246 1067 3314 Christi
1104 3248 1209 3315 vicem
1253 3249 1291 3314 in

241 3351 373 3417 ecclesia
400 3356 526 3434 tenens,
549 3371 615 3440 qua
647 3350 756 3417 fronte
787 3350 963 3438 repelletur
993 3373 1014 3416 a
1045 3350 1113 3416 suis
1138 3351 1290 3430 subditis,

239 3473 281 3519 no
331 3475 389 3542 per
436 3454 671 3542 castigationis,
724 3453 946 3541 correptionis,
998 3456 1033 3518 et
1082 3454 1290 3520 correctionis

240 3555 383 3622 officium
432 3557 595 3645 spiritales
631 3557 796 3643 nequitias
833 3565 868 3622 et
913 3555 1073 3622 vitiorum
1117 3556 1290 3645 languores

243 3658 382 3724 sanet²l

285 3759 373 3828 Sunt
395 3768 430 3829 et
459 3763 524 3829 alia
546 3761 741 3829 sufficientia
763 3761 943 3849 Scripturas
966 3783 1065 3829 samaa
1087 3761 1285 3841 testimonia,
1301 3771 1435 3823 Thereaoe

242 3865 361 3950 quibus
406 3865 536 3932 ostendi
580 3869 690 3953 potest
734 3865 823 3952 quod
860 3865 903 3930 ad
941 3867 1106 3953 episcopos
1143 3865 1287 3951 pertinet
1299 3840 1458 3969 fflffssff

240 3966 387 4033 omnium
417 3969 479 4034 sibi
509 3966 728 4056 subjectorum
762 3971 797 4034 et
831 3967 974 4034 maxime
1008 3967 1214 4034 ecclesiarum
1251 3971 1286 4032 et
1297 3973 1387 4053 thiais

240 4069 527 4137 ecclesiasticarum
589 4091 801 4158 personarum
844 4069 1004 4152 visitatio,
1051 4069 1214 4149 correctio,
1253 4075 1288 4134 et
1300 4038 1455 4136 stuprare,

238 4171 435 4253 reformatio,
473 4193 643 4240 causarum
681 4193 810 4260 quoque
847 4173 976 4252 decisio,
1021 4193 1090 4238 non
1134 4171 1289 4239 obstante

240 4274 328 4361 quod
359 4275 396 4340 in
418 4275 618 4362 adjutorium
641 4275 858 4364 supportandi
890 4275 997 4342 oneris
1030 4275 1102 4341 dati
1132 4281 1211 4342 sunt
1241 4276 1288 4343 eis

241 4377 443 4464 coadjutores
464 4379 640 4466 participes
654 4399 722 4444 suae
737 4377 920 4466 potestatis,
936 4377 1115 4463 majoribus
1137 4379 1287 4466 negotiis,

242 4481 277 4545 et
309 4479 463 4568 hisquae
494 4499 553 4568 par
584 4501 619 4547 se
651 4485 797 4570 tangrmt
830 4480 1093 4563 universitatem,
1114 4482 1289 4549 metuatis

357 4729 364 4760 ¹
385 4727 467 4795 Joot]
486 4727 576 4791 Jacob,
589 4727 660 4780 Tria.

358 4809 369 4840 ²
384 4808 506 4874 ΜΝ
522 4845 529 4860 ·
546 4843 555 4866 .
570 4843 578 4863 ·
594 4807 677 4877 nnec]
696 4806 814 4876 neqmtie
832 4843 837 4859 .
856 4842 863 4862 .
879 4841 888 4860 .
904 4814 1031 4874 urentur,
1043 4808 1123 4872 Tria,
1134 4809 1224 4865 Geso.

1041 4907 1067 4956 1>
1087 4899 1113 4948 D
1136 4896 1157 4957 2
