3500 5784
696 852 875 902 nrrsronre.
1249 837 1312 900 159

210 1094 215 1104 ,
267 1027 516 1094 committantur
554 1027 597 1092 ad
633 1025 763 1092 firmam
799 1027 913 1094 liberae
949 1030 1046 1092 terrac
1083 1027 1125 1090 de
1161 1025 1315 1091 dominiis

267 1131 482 1208 ecclesiarum,
514 1129 580 1194 nisi
610 1127 694 1194 forte
728 1130 834 1194 cidem
867 1129 943 1194 laici
980 1128 1104 1194 firsrint
1137 1127 1316 1193 earundem

267 1233 474 1300 ecclesiarum
504 1233 589 1298 servi
601 1257 610 1313 ;
633 1238 668 1298 et
699 1237 780 1301 tunc
810 1233 871 1300 hoc
904 1233 966 1300 fiat
998 1231 1039 1296 de
1069 1231 1205 1297 licentia
1235 1232 1316 1297 dioe-

267 1337 380 1402 cesani
428 1337 474 1402 Et
506 1357 548 1401 ne
579 1341 719 1402 rectores
750 1335 805 1400 vel
838 1336 952 1400 viccrii
982 1335 1024 1400 dc
1052 1334 1147 1400 bonis
1176 1333 1318 1400 ecclesia

268 1441 432 1506 {edificent
453 1440 490 1506 in
504 1439 587 1504 laico
605 1439 699 1506 feodo
720 1443 817 1506 extra
837 1439 977 1504 fundum
998 1439 1159 1520 ecclcsiae3
1182 1444 1217 1504 et
1231 1439 1320 1504 simi·

267 1543 344 1608 liter
365 1565 408 1608 ne
423 1542 557 1610 decimae
579 1541 615 1608 in
637 1541 719 1608 laico
739 1541 834 1608 feodo
854 1547 1063 1629 reponantur,
1084 1541 1198 1608 sedin
1218 1540 1320 1606 fundo

269 1646 370 1731 ipsius
393 1645 546 1712 ccclesiae.

313 1747 525 1833 Praecipimus
556 1747 657 1812 etism
688 1752 728 1812 ut
759 1747 909 1813 redditus
940 1747 1099 1834 msignati
1128 1769 1189 1834 per
1220 1747 1321 1812 devo·

268 1852 393 1918 tionem
437 1851 594 1918 laicorum
631 1852 675 1916 sd
719 1851 899 1918 luminaria
934 1852 990 1918 rcl
1026 1852 1071 1916 nd
1115 1852 1197 1917 alios
1239 1873 1319 1916 usus

267 1956 420 2022 honestos
449 1958 487 2022 in
517 1957 597 2043 ipsis
619 1956 769 2037 ecclesiis,
792 1979 859 2022 non
882 1963 1118 2049 convertantur
1145 1977 1205 2043 per
1233 1958 1320 2043 ipsos

269 2067 407 2128 rectores
428 2062 466 2128 in
487 2083 566 2127 usus
590 2067 624 2128 et
647 2060 869 2128 emolumenta
892 2061 1076 2127 eorundem.

315 2175 554 2242 Prohibemus¹
578 2197 707 2263 quoque
729 2177 870 2242 firmiter
891 2196 935 2242 ne
957 2175 1011 2241 die
1041 2175 1170 2243 sancti⁹
1185 2176 1320 2242 Paschae

269 2279 471 2366 recipiantur
501 2279 683 2344 oblationes
715 2278 873 2345 laicorum
904 2285 980 2366 post
1016 2280 1151 2344 missam
1188 2279 1321 2367 quando

270 2382 513 2446 communicant
524 2405 532 2462 ;
556 2383 711 2467 quiahoc
725 2388 776 2447 est
790 2381 982 2468 cupiditatis
1003 2382 1214 2450 manifestum
1235 2382 1322 2446 indi-

271 2484 358 2549 cium
394 2489 430 2550 et
466 2484 651 2550 devotionis
688 2485 1000 2550 communicantium
1044 2485 1181 2550 evidens
1222 2485 1323 2550 detri-

271 2592 430 2652 mentum.

315 2687 501 2755 Hortamur
515 2689 615 2754 etiam
635 2689 861 2776 praecipientes
880 2711 924 2755 ne
944 2689 1063 2769 mimis,
1074 2689 1321 2776 joculatoribus,

271 2797 331 2858 aut
353 2792 569 2857 histrionibus
590 2793 774 2870 intendant,
798 2815 905 2879 neque
927 2793 971 2857 sd
1000 2793 1088 2858 aleas
1110 2815 1167 2858 seu
1189 2793 1323 2858 taxillor

270 2895 390 2960 ludant
421 2900 481 2962 aut
513 2895 707 2960 ludentibus
737 2895 921 2975 assideant3
951 2895 1030 2982 quia
1055 2896 1133 2961 licet
1155 2895 1226 2962 haec
1247 2896 1321 2982 qui·

270 2999 410 3062 busdam
439 2998 528 3063 levia
558 2998 743 3078 videantur,
770 3005 892 3076 tamen,
924 2998 1102 3063 secundum
1133 3003 1319 3064 sanctourm

271 3105 403 3185 patrum
425 3101 598 3181 doctrinas,
622 3101 680 3187 qui
709 3101 792 3167 talia
821 3101 956 3179 faciunt,
985 3100 1189 3168 daemonibus
1219 3125 1318 3190 praes-

270 3207 345 3268 tant
367 3202 532 3268 sacrificia

315 3303 362 3368 Et
394 3305 473 3389 quia
506 3304 543 3368 in
574 3303 658 3370 clero
690 3305 775 3370 nihil
809 3305 909 3371 debet
939 3306 1107 3393 splendere
1140 3309 1206 3374 nisi
1235 3309 1318 3375 Jean

273 3405 397 3472 Christi
420 3406 591 3472 humilitas
614 3412 648 3472 ct
671 3407 869 3493 Evangelica
891 3408 1055 3494 perfectio,
1080 3432 1154 3495 quae
1176 3411 1317 3477 consulit

271 3509 359 3594 quod
396 3507 507 3594 siquis
545 3515 575 3574 tc
604 3509 809 3595 percusserit
845 3511 889 3576 da
928 3511 1084 3578 dextram
1124 3513 1315 3592 meatuum,
1332 3516 1357 3566 S·
1369 3512 1442 3564 Mau
1451 3531 1476 3566 v.

268 3609 417 3696 proebeas
453 3610 513 3698 illi
548 3617 579 3676 ct
614 3611 782 3692 atteram
820 3633 988 3680 monemus
1019 3617 1244 3704 praecipientes
1275 3641 1317 3684 ne
1332 3588 1372 3632 ω’

271 3713 378 3778 clerici
400 3735 492 3778 arma
512 3720 664 3801 portont3
687 3716 744 3780 scd
762 3737 913 3782 coronam
932 3723 967 3783 ct
986 3724 1155 3786 tonsuram
1175 3721 1320 3787 habeant

274 3815 380 3881 ordini
406 3820 638 3901 congruentem
661 3822 697 3882 et
719 3817 870 3884 habitum
894 3822 1143 3888 convenientem
1165 3829 1235 3888 tam
1257 3825 1319 3890 sibi

273 3939 371 4003 quam
408 3918 476 3982 suis
515 3919 721 4004 equitaturis,
754 3921 935 3986 secundum
972 3925 1060 4010 quod
1097 3925 1320 3992 determinant

273 4025 385 4084 sancta
408 4020 561 4086 Oonciiia
608 4021 818 4109 Praecipimus
850 4026 951 4089 ctiam
982 4048 1050 4091 non
1073 4029 1177 4093 solum
1207 4036 1320 4095 nostra

273 4123 330 4188 scd
352 4122 485 4209 speciali
506 4125 704 4190 auctoritato
730 4126 927 4212 Apostolim,
951 4149 993 4194 ne
1022 4131 1126 4217 aliqui
1155 4133 1320 4208 retineant

273 4225 382 4311 plures
412 4247 506 4290 curas
536 4227 733 4307 animarum,
755 4251 829 4294 cum
853 4231 973 4318 quibus
998 4253 1057 4318 per
1085 4235 1193 4300 sedem
1217 4235 1321 4321 Apoa

272 4326 405 4394 tolicum
427 4349 494 4392 non
517 4333 685 4415 estsuper
707 4331 769 4396 hoc
791 4332 1035 4419 dispensatum:
1060 4337 1212 4401 similiter
1233 4338 1321 4422 quod

274 4427 335 4492 filii
368 4430 520 4516 proximo
542 4431 812 4513 ministrantium,
835 4435 983 4500 ccclesias
1005 4437 1042 4500 in
1064 4438 1184 4524 quibus
1206 4437 1321 4504 imme·

784 4637 955 4645 -ῳ-
983 4641 993 4645 -
1000 4641 1162 4646 Ἀ.-.

310 4745 316 4774 ¹
335 4745 507 4812 Prohibemuc]
520 4743 689 4814 Proecipimuc,
702 4749 754 4802 sid.
798 4749 803 4818 Ι
857 4752 976 4819 'mactfl
995 4769 1043 4804 om.
1058 4754 1112 4808 sid.
