3500 5784
438 828 502 891 104
759 842 907 889 nonnam
930 840 1159 891 onossmnsrn

483 1018 647 1086 Gaelerum
674 1019 751 1085 licet
779 1018 954 1107 prolixitas
985 1020 1114 1107 paginae
1145 1013 1282 1086 taediosa
1314 1020 1359 1087 sit
1382 1022 1482 1087 nimi-

437 1143 512 1186 rum
525 1127 645 1188 vestrae
660 1144 790 1209 magnac
804 1123 1017 1208 occupationi,
1041 1122 1172 1209 quando
1185 1121 1195 1160 ¹
1220 1126 1333 1189 tamen
1348 1145 1417 1190 non
1432 1128 1481 1189 est
1609 1134 1611 1142 '

273 1227 416 1283 leoexiit
436 1226 575 1291 molesta
607 1229 726 1291 vestrae
762 1246 892 1312 magnae
935 1224 1077 1305 caritati,
1112 1246 1186 1291 cum
1223 1226 1342 1291 caritas
1372 1225 1483 1291 omnia

272 1297 296 1344 ⁷'
435 1328 563 1407 toleret,
600 1328 866 1394 commoditatem
900 1320 1088 1393 necessarias
1121 1328 1371 1394 consultationis
1399 1351 1482 1416 prae-

436 1452 560 1519 ponens
591 1430 772 1496 vitationi⁹
802 1428 1016 1517 prolixitatis,
1042 1434 1162 1497 vestrae
1193 1431 1300 1498 adhuc
1333 1432 1482 1519 significo

437 1533 640 1621 paternitati,
680 1533 759 1619 quia
795 1533 948 1598 dominus
985 1554 1044 1599 rex
1088 1539 1123 1599 et
1167 1554 1263 1599 suum
1298 1533 1481 1601 Concilium

437 1635 555 1703 volunt
576 1657 629 1701 me
650 1636 906 1724 compellerent
928 1658 1001 1702 eum
1017 1636 1053 1703 in
1075 1634 1165 1702 curia
1186 1637 1272 1725 regis
1287 1638 1482 1725 proponitur

435 1744 551 1805 contra
572 1738 715 1825 aliquem
737 1739 780 1804 de
802 1737 933 1805 dioecesi
955 1760 1028 1804 mea
1049 1740 1198 1826 exceptio
1228 1739 1426 1818 hamdis„
1442 1761 1480 1805 eo

436 1841 524 1927 quod
546 1845 645 1907 natus
667 1842 733 1907 fuit
753 1846 832 1908 ante
854 1841 1102 1907 matrimonium
1128 1842 1307 1909 solenniter
1335 1847 1480 1908 contrac

437 1948 514 2017 tum
533 1942 622 2009 inter
652 1948 804 2031 parentes
831 1943 909 2029 ejus,
933 1964 993 2031 ego
1015 1944 1058 2009 ad
1080 1945 1274 2010 mandatum
1295 1944 1423 2031 regium
1445 1945 1482 2009 in
1565 1994 1566 1997 η

269 2065 367 2117 Helu
435 2044 506 2111 foro
542 2046 759 2131 ecclesiastico
796 2045 971 2132 inquiram,
1008 2068 1052 2111 an
1089 2045 1118 2113 is
1155 2052 1269 2112 contra
1305 2068 1402 2133 quem
1435 2047 1482 2112 sic

268 2133 408 2253 ffiffi
436 2148 601 2235 excipitur
636 2154 736 2214 natus
772 2148 874 2215 fuerit
912 2154 990 2215 ante
1023 2148 1271 2215 matrimonium
1302 2150 1481 2215 solenniter

268 2265 351 2331 linga
436 2255 648 2329 contractum,
672 2251 728 2317 vel
758 2247 867 2338 post;¹
884 2256 920 2317 et
942 2250 1031 2337 quod
1053 2250 1227 2316 rescribam
1251 2250 1383 2318 domino
1412 2252 1482 2339 regi

268 2341 374 2385 ΨΜ)
435 2352 496 2416 sub
519 2352 581 2417 tali
601 2352 715 2433 forma,
738 2352 902 2433 videlicet,
927 2354 1015 2441 quod
1037 2362 1135 2419 natus
1162 2352 1227 2419 fuit
1258 2359 1335 2419 ante
1366 2354 1480 2420 matri·

267 2400 415 2517 mppr
434 2456 582 2521 monium
620 2456 800 2523 solenniter
830 2462 1044 2536 contractum,
1076 2458 1129 2522 vel
1163 2456 1250 2542 quod
1282 2455 1349 2523 fuit
1382 2462 1481 2523 natus

267 2533 375 2649 ῗωῗζ
433 2562 510 2645 post
546 2556 795 2624 matrimonimn
832 2559 1010 2625 solenniter
1046 2562 1259 2625 contractum.
1320 2558 1366 2624 Et
1403 2560 1481 2645 quia

266 2608 414 2719 mg&
433 2659 599 2746 supersedi
621 2661 664 2725 ad
687 2660 880 2727 mandatum
903 2660 1029 2749 regium
1051 2660 1114 2725 sub
1137 2660 1197 2725 tali
1231 2660 1344 2735 forma¹
1368 2664 1480 2727 reseri-

367 2750 393 2801 5·
433 2762 518 2841 bere,
542 2762 664 2829 citatus
686 2784 758 2829 sum
782 2769 822 2829 ut
843 2784 1048 2851 cpmpaream
1070 2763 1106 2827 in
1127 2762 1219 2828 curia
1240 2762 1366 2829 domini
1395 2766 1481 2851 regis

433 2885 530 2952 super
565 2865 628 2931 hoc
664 2886 884 2952 responsurus.
940 2864 1065 2931 Dicunt
1103 2866 1202 2930 etiam
1239 2866 1391 2931 dominus
1420 2888 1480 2932 rex

433 2972 468 3032 et
491 2967 664 3033 concilium
694 2989 791 3033 suum
814 2968 903 3053 quod
924 2988 992 3046 vos,
1016 2989 1089 3033 cum
1119 2966 1287 3055 episcopis,
1320 2973 1355 3033 et
1381 2971 1479 3035 comi-

432 3069 532 3147 tibus,
570 3074 606 3135 et
642 3070 821 3135 baronibus
856 3070 996 3157 Angliae,
1034 3069 1071 3134 in
1107 3070 1296 3156 praedictam
1340 3056 1478 3137 formam

266 3174 387 3238 Rerum
432 3171 657 3256 inquisitionis
701 3177 736 3236 et
781 3172 1002 3259 rescriptionis
1047 3172 1261 3237 consensistis.
1323 3170 1479 3261 Supplioo

265 3240 391 3372 {issffi'
432 3272 536 3360 igitnr
557 3274 720 3339 attentius
743 3280 863 3340 vestrm
886 3274 1081 3361 paternitati
1103 3278 1265 3359 quatenus
1287 3294 1345 3361 per
1366 3275 1479 3342 literas

266 3373 384 3491 “dgioeh
432 3380 558 3440 vestras
591 3396 643 3441 me
676 3376 854 3442 certificare
881 3377 1044 3463 dignetur,
1076 3380 1190 3441 utrum
1221 3377 1257 3441 in
1287 3376 1478 3463 praedictam

265 3448 398 3556 iimissie
432 3479 572 3543 formam
607 3478 831 3565 inquisitionis
868 3484 903 3545 et
940 3479 1169 3565 rescriptionis,
1201 3478 1478 3565 quemadmodum

266 3580 370 3625 “m
432 3580 549 3646 dicunt
571 3581 723 3646 dominus
754 3604 814 3646 rex
848 3584 883 3648 et
912 3581 1085 3647 concilium
1117 3602 1222 3662 suum,
1247 3583 1478 3663 consensistis;

432 3688 468 3748 et
504 3682 533 3747 si
569 3683 605 3747 in
642 3683 866 3771 praescn‘ptom
896 3683 1035 3749 sormam
1066 3682 1283 3763 consensistis,
1314 3684 1478 3751 instanter

432 3788 509 3872 peto
538 3791 658 3852 vestrae
694 3786 906 3873 paternitatis
925 3785 1105 3871 ‚consilium
1136 3786 1216 3872 qnid
1245 3784 1281 3851 in
1312 3786 1372 3853 hoo
1401 3810 1478 3854 casu

432 3886 515 3951 mihi
552 3888 597 3953 sit
633 3889 744 3975 potius
778 3888 948 3977 agendum.
994 3888 1031 3955 Si
1064 3888 1152 3953 enim
1187 3890 1364 3955 secundum
1394 3914 1478 3977 prae·

265 3993 329 4046 net
341 4012 366 4050 x
378 4004 419 4049 ar.
431 3988 587 4076 scriptam
609 3990 748 4056 formam
764 3991 896 4056 domino
918 3989 989 4078 regi
1011 3990 1195 4071 rescribam,
1211 3992 1311 4057 timeo
1325 3990 1478 4059 cacata

431 4089 475 4157 ia
492 4113 620 4158 mous
634 4092 701 4158 Dei
715 4092 861 4160 maeatis
870 4118 884 4173 ;
907 4093 936 4159 si
950 4114 1028 4159 vero
1051 4094 1230 4159 secundum
1252 4095 1476 4181 praescriptam

430 4192 568 4259 formam
590 4194 748 4281 denegem
770 4218 823 4261 me
844 4196 1088 4283 rescripturum,
1112 4195 1206 4261 vobis
1237 4195 1273 4261 in
1307 4199 1477 4285 praescrip

431 4304 502 4365 tam
523 4302 664 4366 formam
692 4302 981 4382 consentientibus,
1014 4302 1155 4369 difficilis
1188 4302 1323 4369 videtur
1355 4306 1475 4383 evasio,

431 4404 513 4489 quin
535 4404 678 4470 incidam
701 4403 738 4469 in
759 4426 876 4470 manus
898 4405 1076 4471 hominum.
1123 4405 1198 4471 Nisi
1230 4406 1333 4493 igitur
1355 4414 1475 4475 vestrae

433 4640 882 4647 Ἣ*

463 4811 470 4839 ¹
490 4810 598 4877 quanda]
621 4814 686 4878 quin,
700 4816 749 4864 Ox.
944 4820 949 4881 Ι
1003 4816 1154 4889 irritationi]
1174 4816 1328 4879 vitationem,
1341 4816 1431 4868 C.C.C·
