3500 5784
746 869 924 920 mutunus

755 1073 919 1141 LXXII!l
961 1119 965 1122 -

546 1211 699 1280 Domino
724 1209 971 1282 Centauricust
992 1209 1181 1277 directam}
1407 1224 1488 1274 maer

359 1357 521 1423 Dominus
551 1379 611 1423 rex
633 1357 763 1444 Angliae
795 1355 970 1422 constituit
1000 1354 1135 1420 abbates
1163 1353 1521 1440 justitiariosaleouto

314 1459 506 1526 itinerantes
528 1479 587 1545 per
609 1457 797 1544 hujusmodi
819 1458 939 1524 breve:
1371 1435 1507 1566 {hifhffi

349 1587 496 1642 Henricus
515 1587 571 1642 Dei
590 1587 694 1659 gratia,
715 1587 778 1652 dte,
798 1587 851 1642 tali
869 1585 968 1641 abbati
986 1585 1120 1641 salutem.
1159 1583 1266 1640 Sciatis
1284 1584 1362 1656 quod
1372 1582 1474 1648 'imi'

314 1672 519 1728 constituimus
548 1687 601 1726 vos
628 1670 825 1742 justitiarium
853 1676 988 1725 nostrum
1023 1668 1061 1723 ad
1096 1667 1296 1724 itinerandum
1324 1635 1530 1750 adzffiffi

314 1755 411 1810 omnia
428 1755 537 1825 placita
553 1760 653 1812 nostra
670 1771 737 1810 oum
758 1754 873 1810 dilectis
899 1760 931 1809 et
955 1753 1091 1808 fidelibus
1115 1753 1225 1808 nostris
1252 1751 1362 1808 talibus
1373 1767 1511 1818 umorue

315 1839 346 1894 in
364 1839 503 1894 comitatu
521 1837 583 1893 tali.
622 1839 662 1892 Et
678 1838 744 1893 ideo
762 1837 845 1894 vobis
863 1836 1045 1902 mandamus,
1065 1842 1204 1908 rogantes
1222 1836 1362 1908 quatinus
1374 1833 1477 1884 chumb-

316 1940 388 1978 onus
414 1921 587 1994 praedictum
610 1921 780 1994 justitiarius
806 1923 865 1978 u‘na
894 1938 962 1976 omn
990 1919 1139 1992 predictis
1169 1926 1211 1975 et·
1227 1915 1504 1982 fidelibusThekins

316 2006 424 2061 nostris
454 2005 537 2062 vobis
571 2004 608 2060 ad
644 2023 773 2076 praesens
809 2021 959 2060 assumere
988 2003 1104 2059 velitis:
1127 2005 1170 2059 ita
1199 2001 1278 2074 quod
1307 1983 1475 2059 iterhw

317 2096 448 2146 vestrum
473 2089 505 2143 in
529 2087 669 2144 comitatu
694 2087 834 2160 praedioto
856 2087 895 2142 sd
912 2088 991 2143 diem
1009 2088 1153 2144 stlocum
1172 2105 1245 2158 quos
1262 2105 1316 2144 vos
1334 2049 1534 2168 ctfflffig

318 2173 390 2228 socii
414 2171 506 2228 vestri
535 2171 572 2227 ad
601 2172 727 2228 invicem
755 2172 891 2228 videritis
920 2171 1057 2243 expedire
1087 2172 1244 2242 incipiatis,
1274 2170 1477 2245 talemjusfioe.

318 2256 502 2328 diligentiam
519 2255 550 2310 in
568 2256 622 2310 hac
639 2263 721 2328 parte
740 2261 926 2327 apponentes,
940 2255 1018 2326 quod
1035 2254 1219 2326 diligentiam
1235 2249 1500 2312 vesuamitinemt

233 2331 239 2344 '
318 2340 356 2396 ad
382 2341 436 2395 hoo
461 2339 623 2412 appositam
648 2357 706 2394 non
730 2339 877 2394 immerito
901 2337 1059 2394 debeamus
1078 2339 1279 2395 commendare
1297 2357 1364 2395 cum

319 2425 481 2494 gratiarum
500 2423 612 2479 actione
631 2422 759 2494 speciali.
797 2423 884 2479 Teste
901 2423 1040 2495 meipso,
1061 2428 1092 2479 et
1108 2429 1214 2479 cetera.

364 2533 406 2598 In
438 2532 551 2620 primis
580 2532 714 2598 videtur
741 2533 962 2598 infallibiliter
992 2533 1123 2599 ostendi
1152 2555 1254 2620 posse,
1277 2531 1536 2620 quodntmuvho

319 2634 456 2700 abbates
478 2656 536 2722 per
557 2633 745 2719 hujusmodi
771 2635 968 2702 mandatum
989 2635 1056 2700 tale
1074 2657 1158 2702 onus
1174 2635 1367 2720 justitiariis
1377 2599 1517 2717 ἓξὲξ

321 2741 530 2815 assumentes,
556 2737 703 2824 graviter
736 2741 880 2824 peccant
928 2737 1074 2802 Cuilibet
1106 2738 1195 2802 enim
1225 2742 1276 2804 est
1297 2732 1513 2802 sus-muffu-

320 2839 428 2926 oeptio
463 2837 638 2923 cujuslibet
661 2837 757 2904 officii
789 2861 843 2904 seu
868 2839 1042 2926 potestatis
1063 2838 1189 2920 illicita,
1212 2839 1241 2906 si
1263 2801 1460 2904 cidem⁰⁰⁸¹³'

320 2946 414 3006 actus
438 2949 475 3006 et
498 2963 576 3005 usus
591 2940 735 3027 ejusdem
759 2940 855 3006 officii
878 2962 935 3006 seu
949 2942 1123 3028 potestatis
1141 2947 1191 3007 est
1212 2941 1371 3023 illicitua3

321 3043 461 3108 sienim
483 3047 576 3108 actus
598 3047 633 3107 et
655 3065 733 3108 usus
755 3042 852 3108 officii
878 3065 937 3107 seu
965 3045 1140 3130 potestatis
1162 3043 1270 3109 illiciti
1292 3049 1372 3109 sunt

323 3145 432 3226 alicui,
454 3150 514 3210 aut
535 3145 658 3210 utendo
680 3145 837 3210 abutetur
859 3143 966 3210 officio
992 3149 1027 3210 et
1056 3150 1228 3232 potestate,
1251 3151 1312 3212 aut
1342 3144 1372 3210 si

323 3269 390 3312 non
426 3251 541 3312 utatur
578 3247 708 3323 eisdem,
746 3245 869 3311 frustra
906 3251 941 3312 et
970 3268 1061 3312 cassa
1093 3252 1128 3312 et
1170 3249 1276 3314 otiosa
1309 3248 1373 3314 erit

327 3370 441 3414 eorum
463 3348 633 3435 susceptio.
678 3347 789 3436 Igitur
811 3347 881 3413 sive
904 3353 1021 3414 utatur
1051 3349 1121 3414 sive
1152 3371 1219 3416 non
1245 3354 1370 3430 utatur,

324 3450 482 3538 peccabit,
508 3473 582 3516 oum
604 3447 680 3515 uti⁹
702 3471 770 3516 non
793 3449 896 3536 possit
910 3450 977 3516 nisi
999 3451 1114 3517 illicite
1137 3458 1172 3518 et
1194 3452 1369 3520 abutendo.

326 3553 405 3618 Non
426 3552 479 3618 uti
493 3575 571 3618 vero
592 3573 661 3616 non
675 3553 788 3640 possit,
811 3552 876 3617 nisi
890 3553 1086 3618 assumendo
1100 3553 1159 3618 illa
1179 3554 1216 3620 in
1232 3577 1371 3620 vacuum

324 3661 361 3719 et
382 3653 593 3720 otiositatem.
638 3654 687 3719 Ac
708 3677 767 3740 per
789 3653 849 3720 hoc
871 3655 973 3720 etiam
1003 3655 1049 3722 sic
1070 3657 1315 3743 reputabuntur
1336 3657 1373 3720 in

325 3762 502 3844 peccatum,
531 3777 606 3822 cum
638 3756 813 3843 Apostolus
843 3757 1036 3822 exhortetur
1065 3779 1108 3824 uc
1148 3757 1192 3824 isa
1226 3769 1536 3826 ammoneremus.

325 3857 442 3944 pratia
451 3855 519 3923 Dei
533 3855 766 3942 recipiamus
781 3880 847 3944 qua
860 3859 970 3946 gratia
983 3880 1051 3925 non
1060 3860 1249 3926 excluditur
1263 3862 1373 3950 aliqua

327 3965 479 4046 potestas,
502 3981 577 4028 oum
599 3959 777 4026 secundum
798 3961 1003 4048 Apostolum,
1029 3961 1152 4029 Omnis
1160 3971 1307 4051 potestus
1327 3965 1457 4031 sitRon
1469 3971 1525 4024 xiii.

329 4083 352 4128 a
366 4062 436 4128 Deo
451 4069 481 4128 et
496 4060 666 4143 ordinatu,
691 4066 725 4127 et
741 4061 821 4127 ordo
838 4062 963 4129 divinae
977 4065 1164 4152 prudentiae
1187 4072 1223 4133 et
1244 4073 1372 4135 nature
1386 4043 1407 4090 ¹⁰

329 4168 364 4230 et
396 4164 535 4230 rationis
569 4163 671 4230 etiam
703 4169 737 4229 et
768 4163 849 4230 artis
880 4164 993 4253 exigat
1014 4171 1054 4232 ut
1076 4167 1163 4233 nihil
1185 4170 1230 4234 sit
1250 4169 1374 4236 flustra

329 4265 383 4331 vel
405 4267 567 4345 otiosum;
597 4267 686 4331 unde
709 4287 783 4332 oum
812 4268 991 4332 assmnitur
1012 4269 1092 4355 quid
1117 4269 1154 4336 in
1176 4293 1315 4336 vacuum
1338 4277 1374 4343 et

330 4367 479 4445 otiosum,
503 4367 682 4434 assumitur
704 4373 819 4436 contra
852 4370 1000 4436 ordinem
1034 4371 1156 4437 divinae
1189 4373 1374 4460 prudentiae

330 4475 515 4539 etnaturae
538 4469 730 4536 strationis
754 4472 899 4539 etartis.
945 4471 1040 4554 Quod
1074 4475 1177 4540 etiam
1211 4476 1257 4542 sie
1287 4499 1376 4547 assu-

367 4731 374 4763 ¹
391 4731 497 4782 Dmaino
513 4769 520 4784 .
537 4767 544 4782 .
562 4768 569 4783 .
586 4731 712 4799 ἄνιπποι]
731 4747 779 4784 om.
792 4731 904 4802 &0521
950 4735 1020 4802 Ἧι]
1038 4751 1087 4788 om.
1099 4737 1150 4792 0¹.
