3500 5784
483 741 547 804 354
804 753 949 802 nonnam
971 751 1200 802 oaossmrsrs

481 923 653 1000 eeclesiam,
676 931 808 1012 propter
831 925 1018 1013 praedieum
1048 925 1111 990 sibi
1144 926 1292 992 illicitam
1326 924 1526 989 functionem

482 1031 516 1092 et
544 1025 624 1092 alias
647 1027 854 1114 quamplures
877 1051 998 1108 causas,
1021 1029 1195 1094 admittere
1216 1027 1461 1093 recusavimus:
1495 1025 1526 1088 in

481 1151 545 1215 quo
568 1129 661 1208 facto,
685 1131 776 1195 nullo
799 1131 905 1211 modo,
929 1139 968 1197 ut
994 1132 1164 1211 eredimus,
1186 1129 1343 1195 debemus
1366 1127 1407 1194 de
1430 1126 1528 1212 negli-

482 1233 594 1318 gentia
616 1234 717 1318 argui,
741 1234 798 1298 sed
821 1234 926 1320 magis
957 1256 999 1298 ex
1022 1233 1195 1318 diligentia
1227 1231 1400 1318 pastoralis
1436 1228 1526 1293 officii

480 1331 614 1398 laudari.
672 1333 789 1400 Vester
826 1341 938 1401 autem
975 1335 1130 1414 officialis,
1157 1335 1200 1400 ad
1237 1333 1368 1421 praefati
1406 1331 1529 1396 domini

482 1435 616 1500 Roberti
639 1437 884 1521 querimoniam,
908 1459 968 1503 nos
990 1444 1146 1524 reputans
1168 1439 1205 1500 in
1230 1437 1292 1501 hae
1313 1443 1407 1522 parte
1430 1433 1532 1519 negli-

481 1543 602 1623 gentes,
619 1537 713 1602 nobis
736 1541 908 1604 mandavit
929 1539 966 1603 in
988 1539 1113 1605 virtute
1135 1539 1329 1604 obedientiae
1351 1560 1419 1622 qua
1439 1535 1531 1600 vobis

482 1645 639 1718 tenemur,
668 1642 885 1728 praecipiendo
918 1641 1075 1726 quatinus
1107 1642 1231 1706 dietum
1266 1641 1449 1706 Robertum
1480 1637 1530 1701 vel

483 1749 722 1828 procuratorem
764 1765 860 1808 suum
898 1744 941 1808 ml
979 1743 1040 1808 hoe
1073 1743 1299 1821 eonstitutum,
1331 1741 1419 1806 infia
1460 1746 1530 1804 octo

482 1845 551 1910 dies
574 1851 648 1932 post
670 1847 887 1932 receptionem
909 1845 1059 1910 mandati
1081 1846 1141 1920 sui,
1164 1847 1201 1909 in
1222 1845 1355 1910 eeclesia
1376 1843 1439 1908 tali
1462 1865 1530 1929 per-

482 1969 604 2028 sonam,
618 1953 716 2036 prout
731 1947 833 2028 decet,
849 1949 1000 2014 oanonioe
1015 1949 1279 2012 institueremus:
1300 1947 1449 2032 alioquin
1463 1946 1531 2030 ipse

481 2055 604 2114 extunc
633 2073 674 2116 ex
704 2049 800 2116 officii
823 2053 873 2116 sui
905 2052 1025 2130 debite),
1047 2050 1090 2114 ad
1115 2050 1359 2114 institutionem
1385 2048 1529 2133 ejusdem

480 2152 515 2214 in
543 2153 699 2239 praerlicta
731 2153 863 2218 ecelesia
895 2152 1077 2218 faciendam
1108 2153 1236 2218 ratione
1267 2152 1391 2238 praevia
1423 2173 1529 2237 proce

479 2254 590 2320 deret:
626 2257 679 2320 oui
702 2257 867 2342 proposito
889 2256 925 2319 in
948 2255 1051 2320 literis
1073 2254 1194 2320 nostris
1216 2255 1351 2341 praefato
1374 2253 1531 2317 mandato

479 2357 700 2444 rescripsimus
730 2358 765 2420 in
788 2357 858 2422 hmo
880 2355 1000 2421 verba:
1027 2357 1109 2422 “Ad
1131 2358 1219 2442 quod
1245 2356 1338 2421 vobis
1364 2377 1434 2421 non
1458 2361 1530 2419 tan-

482 2465 621 2544 “quam
634 2459 740 2544 judici
755 2459 892 2524 nostro
882 2479 918 2522 1a
936 2458 997 2524 hae
1012 2466 1112 2545 parte,
1129 2459 1187 2523 sed
1204 2465 1363 2543 tanquam
1378 2459 1484 2522 amieo
1498 2465 1530 2520 et

314 2559 423 2678 ΡιΙιίῐΙρρ
432 2561 498 2614 ss“
521 2567 678 2647 tanquam
701 2581 740 2625 ea
762 2557 873 2625 solum
895 2582 969 2646 quoe
990 2559 1076 2626 Jeeu
1098 2559 1227 2627 curete
1248 2567 1333 2626 eunt
1354 2559 1529 2645 quoerenlt'

314 2634 407 2760 l¹sm
420 2725 463 2760 Π
483 2661 761 2778 “respondemus
778 2662 865 2747 quod
885 2683 953 2726 non
970 2663 1081 2727 minua
1099 2668 1150 2727 est
1169 2685 1275 2748 pram
1290 2661 1409 2749 quooi¹
1426 2662 1532 2727 8611118

314 2779 353 2825 2³.

484 2765 730 2832 “idololatram
765 2766 945 2851 praecipere,
976 2764 1154 2830 obedire
1145 2787 1181 2828 m
1217 2766 1365 2845 illicitis3
1402 2772 1439 2831 et
1473 2765 1530 2829 tali

483 2877 500 2902 “
523 2868 734 2955 praeoeptiooi
756 2867 895 2944 obedim,
923 2889 1021 2951 quam
1042 2867 1200 2932 inlicitis
1222 2873 1256 2932 et
1278 2868 1442 2933 oenoniois
1460 2889 1531 2932 moa

481 2979 498 3008 ‘⁶
521 2971 725 3057 nemetensem
747 2970 964 3057 praeeeptioni.
1011 2969 1170 3034 lllieitum
1190 2977 1302 3035 autem
1324 2976 1376 3035 est
1398 2972 1531 3034 omnino

483 3079 501 3108 “
524 3082 559 3139 et
584 3079 697 3138 contre
726 3071 855 3136 divinas
885 3077 920 3136 et
949 3073 1118 3136 oanonieos
1148 3073 1340 3152 sanctiones,
1364 3072 1529 3138 hominem

363 3179 368 3190 “
397 3219 402 3229 -
423 3176 469 3232 “-4.
484 3181 501 3210 “
523 3175 761 3262 implicantem
783 3195 816 3239 ee
837 3173 1046 3239 eeeuluribua
1067 3174 1211 3259 repotiis
1227 3180 1263 3240 et
1284 3177 1468 3262 praesertnn
1490 3197 1530 3239 ex

482 3285 500 3312 ‘¹
523 3283 683 3364 potestate
706 3283 740 3342 et
763 3275 866 3342 offioio
889 3276 995 3340 laioali
1025 3277 1251 3362 inquisitorem
1274 3278 1314 3343 de
1335 3277 1435 3352 fumo,
1458 3299 1530 3363 esp

483 3385 501 3415 ‘⁴
524 3387 636 3460 torem,
653 3379 928 3457 inoaroeratmem,
940 3385 975 3442 et
991 3377 1140 3463 judicem
1161 3380 1371 3444 inventorum
1394 3379 1529 3444 denota

481 3491 498 3517 ‘¹
521 3487 630 3546 torum
667 3503 725 3567 per
761 3481 1007 3565 inquisitionem
1037 3502 1134 3566 super
1162 3481 1349 3566 hujusmodi
1387 3481 1529 3558 crimine,

482 3591 499 3616 “
522 3583 647 3646 viribus
670 3587 704 3646 et
727 3583 824 3648 amris
847 3589 882 3647 et
904 3605 978 3647 oum
1000 3582 1158 3648 effusione
1179 3583 1358 3670 magnonis,
1381 3585 1411 3647 si
1436 3584 1531 3649 aliter

483 3693 500 3720 “
523 3687 593 3772 oapi
617 3707 682 3750 non
706 3687 839 3771 possint,
857 3685 1098 3749 malefoetomm
1117 3691 1282 3772 captorem
1303 3693 1338 3751 et
1360 3693 1530 3772 eaptorum

482 3799 498 3824 “
517 3786 670 3872 judicem,
694 3787 814 3873 pluries
843 3787 1076 3852 commonitum
1107 3809 1166 3874 per
1198 3809 1295 3852 suum
1318 3789 1530 3854 Ordinarium

483 3895 564 3954 “ut
597 3889 638 3954 ab
661 3889 881 3976 implicatione
902 3890 940 3953 in
961 3887 1012 3953 his
1045 3896 1079 3954 et
1112 3888 1299 3974 hujusmodi
1333 3891 1532 3957 secularibus

483 3993 664 4079 “negotiis
716 4013 749 4056 se
801 3990 992 4069 absolveret,
1037 3991 1225 4077 hujusmodi
1277 3994 1414 4058 monitis
1464 4015 1531 4059 non

484 4103 501 4131 “
524 4097 824 4180 obtemperantem
846 4115 884 4158 ae
906 4092 1053 4180 pluribus
1075 4093 1148 4158 aliis
1169 4095 1343 4173 irretitum,
1365 4119 1442 4182 quse
1463 4119 1530 4162 non

484 4203 501 4234 “
525 4198 629 4262 solum
651 4196 793 4261 reddunt
815 4215 890 4260 eum
924 4195 1103 4261 inhabilem
1125 4196 1169 4261 ad
1201 4219 1313 4262 mirem
1344 4200 1528 4264 animarum

484 4307 500 4336 “
523 4298 772 4386 suscipiendam,
794 4297 851 4362 sed
874 4303 909 4362 et
930 4297 1103 4383 indignum
1135 4300 1223 4363 omni
1255 4323 1334 4365 eura
1365 4302 1529 4394 pastorali,

855 4620 862 4651 ¹
878 4619 963 4687 meet]
976 4633 1025 4670 om.
1036 4619 1142 4688 c.c.0,.
