3500 5784
440 856 506 926 234
761 869 909 924 eoeneri
930 869 1161 924 cnossi-iners

472 1047 629 1117 Henrions,
650 1045 829 1123 Deigrstis,
856 1050 920 1116 dc,
939 1049 993 1108 toli
1006 1049 1142 1122 episcopo
1158 1048 1291 1107 odotem.
1328 1046 1486 1106 Ostensurn

437 1139 483 1191 est
498 1134 583 1191 uobis
601 1153 637 1190 ex
654 1139 737 1208 parto
755 1135 823 1192 talis
841 1134 873 1192 iii
890 1135 1008 1208 prisona
1018 1138 1118 1191 nostra
1128 1134 1181 1192 tali
1198 1135 1262 1191 looo
1273 1133 1393 1200 detenti,
1407 1133 1486 1207 quod

437 1237 505 1276 cum
521 1219 591 1276 telis
608 1219 776 1278 detraheret
792 1219 883 1277 talem
899 1220 932 1277 in
948 1218 1090 1292 plsoitum
1107 1219 1139 1275 in
1156 1218 1239 1275 curia
1255 1217 1486 1276 Christianitatis

437 1304 473 1360 do
499 1303 575 1360 lsico
592 1303 677 1360 feodo
704 1323 758 1361 suo
775 1321 873 1362 corani
891 1302 1093 1361 archidiacono
1110 1303 1174 1371 tali,
1193 1321 1282 1376 super
1305 1321 1363 1374 qno
1388 1302 1485 1377 prohi-

436 1388 576 1445 bitionem
593 1389 708 1462 regiam
725 1388 783 1462 ipsi
807 1387 1010 1445 archidiacono
1032 1405 1071 1444 ne
1094 1387 1237 1460 placitum
1260 1387 1335 1443 illud
1359 1392 1483 1454 teneret,

435 1478 466 1530 ot
482 1473 623 1545 proedicto
639 1473 692 1530 teli
710 1489 747 1530 ne
765 1471 845 1529 idem
862 1473 1004 1544 placitum
1024 1476 1196 1544 sequeretur
1213 1471 1351 1544 porrexit,
1364 1477 1395 1528 et
1411 1471 1484 1543 ipsis

435 1557 625 1628 prohibitioni
641 1562 748 1614 nostrae
765 1575 824 1613 non
841 1557 1049 1622 deferentibus,
1068 1562 1103 1612 ut
1113 1556 1238 1622 deceret,
1251 1556 1352 1612 literas
1369 1560 1483 1612 nostras

434 1640 607 1713 impetraret
630 1641 665 1698 de
686 1641 817 1715 preefotis
842 1641 1045 1697 archidiacono
1063 1646 1093 1696 et
1109 1639 1163 1696 tali
1183 1639 1385 1706 attachiendis,
1405 1639 1484 1712 quod

435 1732 534 1782 essent
562 1731 642 1783 certo
671 1725 720 1782 die
749 1743 848 1782 ocrem
880 1723 1051 1797 justitiariis
1077 1725 1186 1780 nostris
1209 1723 1365 1790 ostensuri,
1392 1741 1482 1796 quaro

435 1810 625 1882 prohibitioni
642 1809 734 1883 regiae
752 1809 783 1868 in
799 1810 856 1866 hoo
874 1825 945 1866 casu
961 1825 1019 1864 non
1037 1808 1221 1874 detulerunt;
1248 1809 1389 1880 praefetus
1415 1807 1482 1863 talis

434 1893 546 1950 dictum
562 1893 703 1967 pleoitum
720 1893 911 1952 nihilominus
941 1897 1059 1950 secutus
1077 1898 1123 1948 est
1145 1893 1178 1948 in
1202 1891 1285 1947 ouria
1310 1888 1482 1948 Christiani·

434 1980 513 2045 tatis,
545 1979 636 2036 donee
665 1979 764 2052 ipsum
789 1979 881 2035 taleni
905 1977 1050 2035 sententia
1076 1975 1380 2033 excommunicationis
1412 1975 1485 2030 iecit

434 2063 576 2120 innodari.
614 2062 708 2134 Quem
724 2061 842 2120 tandein
861 2079 916 2135 per
931 2061 1034 2118 literas
1051 2066 1164 2118 vestros
1182 2059 1267 2116 nobis
1284 2059 1480 2124 transmissas,

433 2153 573 2219 tunquam
614 2146 845 2219 incorrigibilem
881 2152 913 2204 et
950 2146 1046 2203 clevos
1080 2143 1212 2201 ecclesiae
1252 2149 1482 2200 contemnentem

434 2231 499 2304 cepi
517 2237 546 2288 et
563 2229 595 2286 in
612 2231 760 2304 prisonem
778 2235 909 2288 nostrone
936 2228 1055 2286 detudi
1080 2228 1257 2302 procurarit.
1294 2229 1334 2284 Et
1359 2228 1429 2299 quie
1450 2227 1481 2282 in

433 2315 637 2387 impetratione
673 2315 827 2371 literarum
855 2319 1023 2370 nostrarum
1049 2312 1086 2369 de
1111 2309 1264 2385 ceptione¹
1284 2313 1484 2368 circumvento

433 2400 492 2456 fuit
508 2399 590 2454 curia
606 2401 716 2464 nostre,
740 2415 809 2454 cum
834 2415 893 2454 non
919 2401 1066 2454 constaret
1089 2397 1185 2453 eidem
1202 2395 1293 2452 ouriae
1311 2396 1390 2467 quod
1416 2413 1481 2451 sen·

433 2485 526 2540 tentia
543 2483 684 2556 predicta
700 2482 733 2538 in
750 2481 849 2554 ipsum
865 2483 927 2538 lata
944 2481 1094 2538 occasione
1111 2480 1181 2536 laici
1207 2479 1287 2536 feodi
1304 2481 1350 2537 sui
1369 2480 1405 2535 de
1423 2496 1482 2551 qno

433 2559 603 2624 trahebatur
620 2568 653 2623 iu
669 2565 811 2638 placitum
828 2567 860 2622 in
880 2564 963 2622 ouria
989 2564 1228 2630 Christianitatis,
1256 2568 1286 2619 et
1311 2563 1407 2619 unde¹
1424 2564 1482 2618 init

432 2651 583 2724 querelem
601 2669 685 2708 suem
701 2651 735 2706 iu
759 2648 842 2706 curie
865 2654 966 2706 nostro
982 2667 1086 2706 versus
1103 2649 1259 2720 praeiatnm
1275 2647 1366 2704 talem
1382 2663 1481 2719 prose-

433 2753 535 2808 quens,
558 2735 642 2793 vobis
668 2734 840 2790 mandemus
865 2739 1006 2806 rogantes
1031 2733 1169 2805 quatinus
1193 2730 1367 2805 predictum
1391 2731 1481 2787 telem

433 2837 502 2877 oum
519 2819 573 2877 teli
592 2819 839 2876 circumventione
856 2823 888 2874 et
897 2835 957 2874 non
974 2818 1036 2873 sine
1054 2815 1225 2888 prejudicio
1244 2821 1344 2872 nostro
1364 2821 1481 2886 captum

432 2909 464 2959 et
477 2904 509 2958 in
526 2904 674 2975 prisonem
692 2903 853 2968 dehnsnm,
867 2919 887 2957 a
902 2901 1021 2974 prisone
1037 2899 1178 2972 predicta
1188 2897 1345 2955 deliberari
1356 2899 1479 2955 fecistis

434 2986 553 3054 Scituri,
575 2987 653 3060 qnod
678 2985 736 3042 nisi
764 2986 903 3052 feceritis,
929 2985 1063 3041 dedimus
1088 2986 1120 3040 in
1144 2984 1289 3040 mandetis
1315 2979 1481 3040 vicecomiti
1513 2993 1517 2997 ·

432 3075 532 3126 nostro
549 3071 617 3126 telis
636 3070 703 3135 loci,
720 3069 799 3141 qnod
816 3069 843 3126 si
861 3069 889 3125 ei
907 3067 1071 3125 constiterit
1087 3068 1125 3123 de
1142 3068 1312 3141 premissis,
1325 3067 1389 3139 ipse
1406 3084 1481 3138 prsi-

432 3155 526 3210 setnm
555 3153 645 3209 telem
668 3171 686 3208 a
709 3153 829 3225 prisone
852 3157 953 3209 nostra
970 3153 1124 3220 deliberet,
1143 3152 1169 3208 si
1186 3168 1309 3224 perros
1336 3151 1408 3221 biso
1422 3167 1481 3206 non

432 3237 573 3293 duxeritis
596 3237 772 3294 iaciendum.
808 3237 896 3294 Teste
913 3236 1052 3308 meipso,
1073 3235 1125 3292 dio.

467 3320 642 3386 Henrious⁸,
656 3321 713 3376 Dei
730 3321 835 3392 gistis
853 3320 906 3384 do,
918 3320 1054 3391 episcopo
1070 3320 1125 3376 tali
1137 3317 1270 3377 salutern.
1307 3315 1482 3373 Mendamus

431 3405 524 3470 vobis,
533 3405 610 3476 quod
622 3405 722 3462 venire
735 3404 848 3460 lecistis
857 3421 955 3460 eorein
963 3403 1133 3475 justitiariis
1145 3404 1253 3460 nostris
1262 3403 1340 3475 apud
1351 3408 1482 3459 sanctem

432 3487 586 3560 Brigidsm
610 3487 768 3544 Londoniis
785 3505 803 3542 o
820 3487 868 3542 die
892 3493 999 3544 sanctie
1016 3488 1169 3545 Trinitatis
1193 3487 1225 3544 in
1242 3505 1290 3543 xv.
1310 3486 1374 3543 dies
1391 3488 1482 3542 talem

431 3589 585 3646 personam
602 3571 671 3628 telis
689 3572 746 3628 loci
764 3571 802 3627 od
818 3571 1053 3644 respondendum
1069 3570 1212 3644 magistro
1229 3571 1282 3628 teli
1300 3571 1337 3627 de
1361 3569 1479 3643 placito,

431 3674 522 3729 quaro
540 3661 659 3712 secutus
678 3660 723 3710 est
745 3653 887 3726 plooitum
904 3655 1037 3711 incuria
1054 3655 1283 3712 Christianitatis
1301 3655 1338 3711 de
1355 3652 1483 3710 debitis‘

431 3759 497 3814 quoe
516 3757 576 3796 non
600 3745 669 3796 sunt
692 3739 729 3795 de
755 3743 929 3795 testamento
954 3738 1003 3796 vel
1020 3741 1214 3806 matrimonio,
1234 3744 1336 3796 contra
1351 3739 1481 3810 prohibi·

430 3825 540 3882 tionem
556 3829 696 3878 nostram·
733 3821 818 3878 Unde
844 3823 1005 3879 vicecomes
1030 3829 1131 3879 noster
1155 3823 1224 3879 telis
1248 3823 1307 3879 loci
1330 3821 1481 3878 mandevit

428 3907 558 3981 praeietis
573 3905 743 3978 justitiariis
761 3905 868 3962 nostris
886 3906 965 3978 apud
983 3911 1113 3962 sanctam
1139 3905 1295 3978 Brigidam
1318 3905 1478 3963 Iiondoniis

431 3993 509 4065 quod
526 3990 683 4064 predictus
707 3989 775 4046 talis
792 3990 909 4046 nullum
925 3990 1013 4046 hahet
1037 3989 1145 4047 laicum
1172 3991 1290 4046 feodum
1316 3991 1348 4046 iii
1371 3991 1482 4047 bollire

429 4095 483 4134 sna
499 4093 553 4148 per
571 4072 650 4146 quod
666 4073 760 4146 possit
776 4073 933 4147 distringi3
952 4073 1125 4131 ethabeotis
1136 4074 1179 4130 ibi
1196 4075 1251 4131 hoc
1268 4075 1368 4131 breve.
1392 4076 1481 4134 Teste

428 4179 475 4216 mo
493 4159 567 4232 ipso,
587 4158 640 4214 dio.

674 4287 980 4298 QQ.
1214 4291 1441 4300 *nn—*ffl-
1453 4295 1474 4300 --

463 4401 470 4431 ¹
487 4400 517 4452 de
527 4401 652 4469 captione]
671 4417 721 4452 oin.
733 4400 838 4469 CCC,⁸
1009 4402 1020 4432 ⁸
1035 4399 1174 4468 Heirioue]
1193 4403 1234 4465 R,
1246 4402 1338 4456 CCC.

460 4482 471 4511 ²
487 4480 563 4548 unde]
581 4497 631 4534 oin.
643 4479 750 4548 0‚c.c,.
1010 4495 1019 4524 ⁴
1036 4492 1065 4544 de
1074 4491 1174 4561 etim]
1193 4493 1323 4556 debebitis,
1335 4493 1426 4548 CCC.
