3500 5784
527 896 590 967 276
852 915 998 963 nonasp
1021 914 1250 964 oaossurssra

525 1091 672 1170 firmitas,
697 1091 757 1156 hoc
781 1097 839 1169 est,
862 1091 984 1156 mentis
1007 1092 1183 1157 vestraein
1218 1092 1350 1157 Christo
1373 1090 1571 1164 constantia,

524 1193 613 1257 falsis
635 1194 899 1280 persuasionibus
920 1199 982 1259 aut
1011 1195 1246 1259 blandimentis
1267 1191 1488 1259 allicientibus
1509 1197 1573 1256 aut

524 1295 803 1381 persecutionibus
826 1295 1002 1361 intentatis
1023 1297 1231 1375 terrentibus,
1255 1295 1572 1382 quasiquibusdam

523 1399 706 1486 praestigiis,
730 1399 767 1462 in
798 1419 907 1464 arcnae
935 1398 1064 1464 fluxum
1085 1404 1289 1464 monstruose
1323 1398 1477 1477 labatur3
1511 1397 1573 1460 sed

523 1505 653 1587 satagat
675 1499 808 1565 omnino
831 1505 870 1566 ut
892 1501 1081 1566 melioribus
1094 1501 1340 1588 assurgentibus
1372 1500 1575 1586 profectibus

523 1603 683 1669 bonorum
706 1625 840 1690 operum
863 1605 1142 1670 consummatione
1172 1602 1305 1690 fastigia
1335 1602 1572 1681 claudendum,

523 1706 638 1770 domus
660 1711 807 1771 vestrum
829 1712 1002 1792 protegens
1033 1707 1246 1792 praesulatum
1271 1705 1571 1792 superaedificetur:

522 1830 583 1873 nec
615 1808 789 1873 molestum
820 1808 866 1872 sit
887 1809 990 1888 vobis,
1012 1831 1170 1896 rogamus,
1195 1808 1283 1895 quod
1313 1807 1422 1873 minor
1451 1807 1573 1894 majori

522 1911 604 1975 talia
626 1911 719 1997 quasi
741 1911 927 1997 importune
949 1911 1116 1998 suggerit3
1138 1933 1205 1976 non
1227 1911 1316 1977 enim
1337 1915 1447 1998 potest
1468 1932 1572 1982 amor,

521 2035 573 2078 rcs
594 2013 692 2099 plena
713 2012 831 2078 soliciti
858 2013 995 2092 timoris,
1019 2019 1129 2079 amato
1161 2035 1227 2079 non
1259 2035 1431 2099 suggerere
1464 2011 1572 2087 talio;

522 2137 581 2180 neo
618 2115 716 2181 debet
753 2108 905 2204 cuiquam
941 2137 1088 2182 amarum
1127 2137 1238 2204 sapere
1275 2115 1363 2201 quod
1400 2115 1442 2181 de
1479 2114 1570 2180 dulci

522 2217 633 2302 prodit
670 2217 818 2283 caritatis
849 2218 965 2285 radice.
1025 2219 1143 2285 Valeat
1177 2218 1359 2306 paternitas
1390 2223 1502 2283 restra
1534 2218 1571 2281 iu

523 2319 671 2384 Domino.

954 2649 1140 2714 LXXXIX.

398 2849 467 2896 ross.
528 2832 721 2899 Venerabili
755 2833 797 2897 iu
837 2831 969 2898 Christo
1001 2832 1097 2919 putri
1134 2832 1322 2918 Bcaifccrb,
1357 2835 1423 2901 Dea'
1454 2839 1573 2922 plutio

611 2935 858 3022 archiepiscopo
895 2934 1150 3016 commeasse,
1185 2935 1289 3001 totius
1319 2937 1462 3023 duplica
1488 2941 1575 3007 Pri·

610 3037 705 3115 rauti,
730 3037 893 3103 Robcrlos
926 3037 1144 3102 misenatium
1169 3037 1295 3104 divom
1316 3039 1576 3109 Liucolaicnsis

611 3137 747 3204 corbeiae
777 3137 938 3204 aorisia
967 3137 1119 3215 humilis,
1151 3138 1294 3204 sarsum
1324 3147 1354 3205 ct
1388 3164 1494 3229 quarn
1518 3147 1576 3211 ‹le-

612 3240 719 3306 bitara
752 3247 824 3306 tora
855 3241 1007 3307 devotam
1040 3240 1081 3306 ia
1113 3240 1272 3307 omnibus
1293 3241 1520 3314 obedientiam
1544 3257 1575 3315 et

610 3343 838 3409 recusatione

353 3535 508 3589 Onchesut-
565 3513 767 3580 Accedentes
791 3535 896 3602 nuper
914 3512 958 3578 ad
980 3533 1040 3578 nos
1061 3513 1169 3579 clerici
1191 3514 1294 3579 vestri
1316 3537 1360 3582 ex
1380 3524 1478 3603 parta
1499 3541 1575 3586 va.

351 3602 582 3734 ssdgyssfftrae
620 3614 853 3703 paternitatis¹
893 3637 954 3681 noa
990 3621 1199 3700 rogavenmt,
1244 3618 1401 3702 quatinus
1438 3623 1572 3688 cuidam

351 3734 421 3799 Pope
432 3737 497 3788 som
519 3718 647 3796 literae,a
669 3719 801 3784 nomino
843 3723 956 3783 nostro
994 3721 1029 3782 et
1051 3716 1258 3783 dominorum
1294 3720 1574 3790 Herefonlensis⁸

349 3799 462 3920 ssgffi)
519 3820 660 3907 episcopi
699 3825 734 3886 et
772 3816 1008 3886 cicestrensisb
1038 3817 1155 3884 electi²
1191 3822 1318 3886 caeteris
1354 3824 1574 3912 suffraganeis

349 3933 475 3986 theuch-
517 3922 636 3988 vestris
659 3923 792 3988 directae
813 3944 873 4009 pro
896 3921 1027 4008 negotio
1049 3919 1188 3985 subsidii
1209 3943 1230 3986 a
1252 3922 1385 3990 domino
1408 3925 1500 4014 Papa
1532 3931 1574 3995 de

348 4000 493 4120 kssgffik
517 4025 661 4112 praelatis
694 4030 729 4090 et
763 4025 848 4090 clero
882 4022 1059 4112 prouinciae
1095 4022 1343 4092 Cantuariensis
1365 4029 1461 4095 vobis
1495 4054 1573 4098 con·

348 4133 420 4200 bury.
517 4127 605 4206 cessi,
629 4127 774 4214 sigillum
796 4131 948 4192 nostrum
981 4146 1050 4190 una
1080 4147 1155 4190 cum
1185 4125 1302 4214 sigillis
1324 4129 1467 4198 duorum
1488 4157 1574 4222 prue-
1625 4213 1629 4218 ,

347 4212 504 4335 ffeffie·
517 4231 762 4295 nominatorum
799 4229 1009 4295 dominorum
1047 4249 1303 4315 apponeremusz
1341 4240 1458 4318 POfliea
1494 4260 1575 4304 vers>

348 4295 479 4399 odiebam
516 4331 618 4397 iidem
640 4332 747 4398 clerici
769 4353 827 4418 per
849 4354 909 4396 nos
931 4331 1106 4396 redeuntes
1127 4331 1250 4397 iterato
1277 4355 1320 4399 ex
1342 4342 1440 4421 purte
1461 4346 1576 4406 vestro

346 4412 453 4543 dffi&
517 4440 726 4522 rogaverunt,
754 4434 911 4522 quatinus
944 4433 1044 4498 dictis
1076 4434 1288 4521 suffragancis
1320 4460 1381 4524 pro
1414 4443 1575 4527 praedicto

616 4711 624 4744 ¹
643 4709 791 4760 Accedam
808 4747 815 4761 .
833 4708 1026 4775 ,paamiuusJ
1045 4724 1095 4761 om.
1106 4709 1196 4764 (200.

613 4789 625 4818 ²
640 4787 721 4855 ekes]
734 4787 828 4852 cleriei,
841 4787 901 4852 Ox,
910 4788 962 4842 und
972 4787 1139 4855 mutulen
1150 4790 1192 4843 for
1201 4791 1377 4860 suffraganeis.
