3500 5784
679 845 858 896 srmonm.
1222 833 1287 898 289

243 1011 281 1078 Si
303 1017 415 1080 autem
437 1015 594 1104 proedicto
615 1015 662 1083 sic
694 1037 730 1084 ss
762 1017 915 1097 habeant,
939 1015 1020 1103 quid
1042 1019 1196 1103 expectat
1216 1039 1286 1098 vos,

242 1115 296 1180 vol
310 1138 369 1182 vos
392 1116 473 1204 quid
494 1124 665 1206 expectare
679 1119 826 1206 potestis,
850 1119 916 1184 nisi
930 1118 966 1183 id
987 1118 1045 1185 Vcc
1067 1120 1167 1204 quod·
1176 1142 1286 1208 repro·

241 1217 350 1284 mittit
380 1218 544 1287 Dominus
584 1241 643 1308 per
674 1219 804 1300 Isaiam,
833 1219 890 1286 luis
911 1219 973 1308 qui
1002 1219 1209 1288 modroni
1241 1222 1441 1289 dommi.

240 1319 428 1406 AEyyptum
448 1321 496 1388 od
517 1321 705 1406 oucibioan,
727 1322 772 1390 to
800 1321 897 1410 mois
917 1329 1088 1410 opacatus
1108 1330 1139 1391 ct
1160 1323 1284 1392 babeo·
1299 1303 1322 1352 ¹·

240 1426 286 1486 tes
310 1421 484 1506 fiduciam
516 1445 618 1512 nuper
654 1423 846 1512 quadrigis,
882 1424 970 1512 quio
1001 1425 1120 1493 multu
1139 1433 1230 1505 mart,
1254 1433 1285 1493 ct

240 1543 343 1610 stupor
364 1525 542 1612 equitibus,
565 1525 651 1614 quoio
670 1525 862 1616 prccralc'dt
883 1527 1019 1607 olom
1041 1534 1072 1594 ct
1104 1550 1180 1596 ooo
1201 1536 1285 1596 suot

240 1626 360 1712 confisi
396 1650 499 1716 nuper
534 1628 702 1698 &mimum
738 1629 893 1709 Israelis,
921 1637 952 1698 ot
981 1629 1177 1700 Dominum
1213 1653 1285 1699 rum

239 1727 480 1816 requisr'errmt.
525 1731 690 1820 AEgyptus
713 1733 800 1800 enim
822 1733 966 1800 mundus
988 1738 1040 1800 est
1068 1739 1103 1801 et
1132 1734 1284 1800 seculmis

239 1835 391 1916 potestus,
415 1835 457 1900 od
479 1833 572 1920 cujus
593 1839 661 1914 tos,
684 1836 712 1902 si
741 1835 901 1924 pmediota
929 1837 977 1902 sio
1008 1837 1085 1915 sint,
1109 1835 1286 1924 confugitis

239 1933 407 2014 auxilium,
445 1936 676 2004 descendentes
712 1938 754 2005 ab
791 1938 1009 2019 Hierusalem,
1046 1939 1108 2004 hoc
1144 1945 1203 2018 ast,
1241 1939 1285 2005 ab

238 2035 452 2105 eeclesiastico
473 2061 533 2106 vos
555 2039 784 2106 subtrahentes
804 2040 939 2126 judicio,
961 2061 1035 2106 rico
1049 2039 1169 2128 confisi
1182 2063 1285 2128 nuper

238 2137 406 2206 Scortum
426 2140 577 2221 Israelis,
602 2165 698 2230 super
720 2143 863 2230 quemsi
884 2142 1097 2222 confideritis,
1121 2144 1284 2210 ecclesius-

238 2241 341 2308 ticum
366 2243 529 2328 judicium
558 2245 594 2310 in
620 2245 672 2310 his
693 2267 767 2333 quos
796 2246 840 2310 od
862 2244 1285 2333 ecclesiasticumspectont

128 2357 134 2372 ·
238 2359 385 2426 examen,
409 2367 578 2432 nunquam
611 2347 752 2435 effligere
783 2349 947 2415 curaretis.
1003 2349 1058 2414 Ad
1089 2348 1167 2427 hoeo,
1200 2349 1285 2415 bene

237 2446 379 2513 recolitis
393 2469 453 2514 vos
474 2448 630 2537 inspectis
646 2451 858 2517 sacrosanctis
875 2451 1012 2537 jurasse,
1036 2450 1124 2538 quod
1146 2450 1284 2517 sormam

237 2569 336 2635 super
370 2572 521 2636 processu
564 2552 680 2640 dictos⁴
701 2573 816 2634 neusse,
853 2553 892 2618 in
928 2575 1028 2640 qnam
1064 2553 1284 2619 consensimus

237 2653 454 2718 communiter
475 2654 563 2744 opud
586 2655 716 2734 Tharne,
740 2655 826 2721 bono
848 2655 913 2721 fide
939 2650 1154 2722 observaretis
1166 2679 1174 2736 ;
1196 2657 1284 2740 quod

237 2753 338 2819 etiam
375 2755 507 2840 quidum
544 2756 585 2822 do
623 2756 839 2823 confratribus
875 2757 994 2822 vestris
1037 2757 1159 2822 ibidem
1203 2763 1284 2823 tune

237 2861 420 2941 pmsentes,
443 2857 480 2924 in
502 2859 629 2924 animos
651 2858 799 2924 omnium
827 2862 863 2925 et
892 2858 1094 2946 singulorum
1124 2858 1166 2924 de
1195 2859 1283 2945 copi·

236 2959 307 3023 tulo
329 2958 480 3026 similiter
496 2959 702 3045 juravenmt
748 2961 914 3048 Rogamus
939 2961 1042 3048 igitur
1064 2961 1152 3046 quod
1173 2965 1283 3027 vestra

237 3062 332 3128 nobis
346 3083 453 3128 coram
468 3062 540 3128 Deo
562 3067 597 3128 et
619 3062 744 3150 sngelis
766 3063 837 3150 ejus
858 3063 1054 3150 respondent
1075 3063 1280 3140 conscientia,

235 3167 347 3230 utrum
369 3164 412 3230 ab
434 3163 486 3230 his
509 3165 549 3231 dc
571 3165 715 3252 capitulo
737 3165 795 3250 qui
816 3164 1007 3251 praedictnm
1029 3165 1282 3252 prohibitionem

234 3265 507 3353 impetravenmt,
545 3271 604 3332 aut
640 3289 683 3333 ne
719 3271 892 3333 revocetur
934 3271 1118 3353 procurant,
1156 3267 1282 3332 dictum

230 3366 457 3452 juramentum
478 3369 566 3435 bona
587 3369 653 3434 fide
675 3374 709 3434 et
729 3369 853 3455 absque
874 3367 988 3434 froude
1002 3369 1048 3434 sit
1062 3369 1281 3435 observatum.

235 3468 322 3550 Quia
342 3470 444 3558 igitur
472 3471 592 3536 animae
614 3476 731 3536 vestroe
765 3476 799 3537 et
831 3471 977 3536 omnium
998 3469 1055 3536 et¹
1079 3471 1281 3558 singulorum

235 3573 371 3660 capituli
385 3574 490 3640 nostri
504 3595 613 3640 curam
634 3580 668 3641 et
690 3573 930 3641 solicitudinem
944 3579 1115 3661 paternam
1128 3575 1280 3662 gerimus,

235 3697 294 3741 vos
315 3681 442 3762 quanta
474 3697 644 3762 possumus
676 3675 847 3743 affectione
879 3680 1018 3764 paterno
1047 3699 1217 3744 monemus
1246 3682 1281 3744 et

234 3777 448 3843 exhortamur
478 3778 515 3843 in
537 3778 688 3858 Domino,
722 3783 757 3844 et
790 3783 953 3866 quantum
978 3799 1150 3866 possumus
1171 3786 1280 3846 aucto

235 3878 335 3945 ritate
357 3880 539 3968 episcopali,
562 3881 641 3946 licet
662 3881 758 3947 nobis
779 3880 926 3967 indignis
948 3881 1087 3968 desuper
1107 3884 1279 3964 attributo,

233 3981 414 4048 districtius
435 3982 630 4062 inhibemus,
654 3982 892 4069 nequicquam
922 3983 962 4049 de
987 3989 1113 4065 coetero,
1136 3985 1279 4050 moxime

232 4083 423 4170 praedictom
453 4090 593 4172 tangens
623 4106 763 4164 causam,
786 4084 822 4149 in
861 4085 1084 4152 ecclesiastice
1116 4086 1280 4153 libertatis

233 4186 479 4252 enervationem
509 4208 566 4273 per
597 4207 657 4252 vos
690 4190 749 4253 out
782 4207 841 4272 per
873 4209 1053 4273 quosquam
1086 4188 1167 4254 olios
1189 4188 1278 4274 apud

231 4285 403 4353 dominum
425 4311 534 4376 regem
565 4293 626 4354 aut
658 4309 732 4354 suos
761 4292 820 4353 sut
842 4310 1022 4375 quosquam
1045 4289 1125 4354 alios
1147 4311 1278 4376 quoquo

231 4390 330 4455 modo
363 4391 556 4477 procuretis;
589 4390 740 4456 omnibus
771 4396 805 4457 et
836 4391 975 4478 singulis
1007 4391 1143 4478 capituli
1173 4392 1276 4457 uestri

638 4719 644 4750 ¹
662 4719 698 4785 et]
717 4733 766 4770 om.
779 4717 869 4772 (200.
