3500 5784
721 869 901 922 nr1sronm
1275 849 1339 913 183

287 1044 432 1112 eomedit
453 1046 581 1112 assidue
604 1046 740 1112 ardens¹
765 1045 873 1113 fervor
888 1045 1034 1132 ejusdem
1065 1043 1135 1124 aeli,
1158 1050 1195 1111 et
1216 1045 1340 1129 quanto

289 1146 368 1214 estis
400 1149 438 1216 iu
464 1149 630 1238 superiore
661 1149 767 1236 gradu
798 1149 981 1229 constituti,
1012 1153 1108 1215 tanto
1140 1148 1234 1215 decet
1267 1145 1341 1232 pin·

289 1251 438 1337 goriorem
463 1272 531 1319 esse
561 1252 762 1318 oblationem
792 1253 891 1340 hujus
922 1252 1083 1333 sacrificii,
1105 1273 1180 1317 cum
1210 1247 1341 1314 nullum

290 1352 335 1418 sit
358 1352 429 1420 Deo
451 1355 616 1442 acceptius
639 1356 833 1422 sacrificium
855 1376 955 1441 quam
978 1355 1067 1420 zelus
1089 1354 1206 1420 domus
1221 1351 1286 1416 Dei
1308 1355 1343 1416 et

290 1455 407 1522 salutis
433 1458 626 1525 animarum.
673 1458 761 1539 Quia
789 1458 894 1545 igitur
914 1462 1028 1524 vestra
1057 1457 1216 1524 sanctitas
1245 1460 1343 1521 tanto

291 1560 448 1626 sacrificio
478 1560 718 1628 invincibiliter
749 1559 923 1627 contendit
954 1561 1081 1648 plaeere
1107 1560 1189 1638 Deo,
1212 1559 1242 1624 si
1268 1558 1342 1644 quis

292 1662 400 1728 eidem
431 1664 602 1730 sanctitati
633 1663 803 1730 humiliter
834 1663 963 1744 innuat,
985 1663 1045 1729 ubi
1071 1661 1171 1750 hujus
1193 1660 1343 1728 sacrificii

291 1765 416 1832 oblatio
438 1767 591 1854 pinguior
613 1771 770 1846 commeat,
799 1766 929 1832 etiamsi
959 1765 1099 1852 ipsamet
1120 1768 1344 1830 occurrentem

291 1867 462 1955 limpidius
484 1868 670 1957 prospiciat,
693 1891 762 1934 non
783 1868 890 1936 solum
911 1889 979 1934 non
1002 1868 1066 1934 erit
1087 1868 1272 1948 molestum,
1285 1867 1343 1933 sed

292 1976 425 2058 gratum
447 1971 625 2038 admodum
648 1976 682 2038 et
704 1975 880 2058 acceptum
928 1971 1025 2052 Quod
1050 1972 1154 2060 igitur
1183 1969 1226 2036 sd
1248 1970 1344 2036 offer·

294 2074 417 2140 endum
462 2075 533 2141 Deo
588 2075 626 2140 in
682 2074 815 2141 odorem
864 2075 1040 2140 suavitatis
1084 2073 1345 2162 acceptissimum

292 2180 444 2265 prompte
477 2199 511 2244 se
543 2177 650 2255 offert,
685 2182 736 2244 est
770 2177 866 2256 zelus,
902 2198 963 2263 pro
997 2181 1127 2264 pastore
1158 2176 1278 2242 idoneo
1308 2175 1346 2240 in

294 2279 426 2346 ecclesia
449 2278 671 2347 Wintoniensi
702 2279 854 2367 eligendo
887 2286 923 2346 et
953 2280 1193 2358 constituendo,
1220 2282 1256 2344 et
1285 2300 1345 2365 pro

293 2383 480 2470 repellendo
501 2384 643 2450 viriliter
673 2405 786 2449 omnes
816 2382 1083 2461 machinationes,
1107 2381 1346 2470 promotionem

294 2485 374 2551 boni
396 2486 538 2573 pastoris
559 2485 685 2552 ibidem
716 2486 937 2552 adversantes
984 2486 1059 2552 Hoc
1091 2485 1195 2573 igitar
1225 2483 1346 2550 sacrifi-

294 2587 383 2656 cium
414 2587 455 2655 de
485 2588 639 2655 manibus
672 2589 791 2654 vestris
823 2583 979 2676 suscipiat
1011 2588 1111 2669 Deus,
1146 2587 1249 2653 vestri
1284 2585 1348 2651 zeli

295 2690 514 2758 sollieitudine
536 2711 605 2756 non
626 2689 721 2778 pigre
742 2695 945 2776 procurante,
968 2696 1009 2757 ut
1038 2691 1074 2756 in
1105 2691 1194 2757 dicta
1216 2688 1348 2754 missia

295 2794 437 2882 eligatur
468 2796 504 2860 et
535 2793 735 2880 praeficietur
765 2797 888 2879 pastor,
916 2792 958 2857 de
991 2814 1056 2879 quo
1087 2793 1205 2859 merito
1228 2790 1348 2857 debeat

296 2897 410 2964 haberi
432 2900 521 2962 certa
543 2894 756 2982 praesumptio
780 2893 868 2979 quod
890 2915 959 2959 non
979 2895 1112 2961 affectet
1132 2896 1291 2963 honorem
1313 2898 1349 2959 et
1426 2878 1435 2899 ’

297 2999 495 3087 dignitatem
509 2997 566 3064 sed
589 3019 679 3076 onus,
703 3017 772 3062 non
793 2996 929 3062 divitias
943 2997 1000 3062 sed
1023 2998 1235 3085 evangelistae
1257 3021 1347 3087 opus,

297 3123 365 3170 non
396 3121 534 3189 praeesse
564 3099 622 3166 sed
653 3100 814 3187 prodesse,
851 3099 909 3184 qui
943 3100 1123 3166 secundum
1145 3100 1347 3189 Scripturam

297 3201 458 3272 artiorem
479 3222 581 3268 mom
596 3223 662 3288 pro
675 3221 771 3286 grege
786 3221 847 3266 nco
869 3199 979 3266 velit2¹
991 3223 1118 3287 portare
1139 3202 1498 3291 etaeipaums..10u.z

298 3305 342 3374 im
362 3303 521 3374 ornatibus
543 3304 709 3370 tortor-m
731 3322 872 3389 operum
898 3303 1091 3390 exemptam
1113 3305 1269 3392 protere,
1292 3308 1350 3394 qui
1365 3290 1403 3380 ¹¹3
1417 3289 1455 3380 ¹,⁵‚·

295 3429 427 3496 gregem
441 3407 651 3472 Dominicum
666 3405 703 3470 in
724 3426 803 3491 egro
819 3404 997 3491 scripture
1014 3407 1150 3493 justitia
1163 3413 1199 3474 et
1215 3409 1350 3495 judicio,
1363 3369 1417 3420 m
1427 3385 1455 3419 η’
1468 3372 1490 3420 ⁷'

298 3511 435 3578 scientia
467 3513 502 3576 et
535 3508 692 3586 doctrina,
715 3507 799 3574 velit
830 3513 865 3573 et
887 3507 997 3573 valeat
1028 3531 1165 3595 pascere.
1210 3512 1263 3577 De
1286 3535 1352 3598 qua

297 3634 419 3701 pascua
449 3633 531 3700 grex
560 3609 757 3686 vivificetur,
792 3609 954 3686 initiatur,
977 3616 1146 3697 augeatur,
1169 3617 1204 3677 et
1229 3619 1352 3679 crescet

299 3716 341 3782 ad
364 3713 605 3802 perfectionem,
629 3711 787 3776 dilatetur
809 3714 844 3775 et
869 3709 1041 3776 roboretur
1070 3712 1115 3777 ad
1145 3718 1352 3780 constantem

299 3815 545 3894 firmitudinem,
568 3813 729 3879 formetur
751 3812 794 3877 ed
827 3810 1113 3898 pulchritudinem,
1136 3813 1179 3880 sd
1201 3815 1352 3882 veritatis

298 3916 619 4004 circumspectionem
649 3911 854 3979 illuminetur
891 3917 926 3978 et
969 3913 1040 4000 [ad]
1071 3915 1282 4003 adoptionem
1314 3917 1352 3984 in

299 4020 384 4086 filios
419 4018 484 4086 Dei
517 4017 720 4084 nobilitetur.
766 4015 849 4082 Hsec
881 4015 969 4080 enim
1002 4023 1037 4082 et
1069 4018 1135 4083 clia
1163 4019 1351 4105 hujusmodi

298 4125 394 4210 plura
424 4119 550 4188 confert
581 4119 728 4186 scientiae
762 4123 797 4184 et
827 4118 987 4184 doctrinm
1019 4141 1148 4206 pascua,
1180 4122 1267 4187 sicut
1292 4143 1351 4187 vos

298 4225 414 4291 melius
435 4223 540 4288 nostis
562 4226 648 4288 teste
671 4221 848 4306 Scriptura
894 4220 1102 4308 Quapropter
1115 4243 1190 4287 cum
1211 4219 1352 4310 gradmn

299 4325 494 4417 pastoralem
528 4329 665 4410 occupat
698 4324 755 4409 qui
793 4323 930 4388 scientia
960 4327 997 4388 et
1033 4324 1184 4390 doctrina
1219 4345 1350 4412 gregem

299 4451 368 4496 non
390 4427 516 4515 pascit3
537 4427 608 4514 ipse
630 4424 737 4513 primo
759 4423 825 4490 sibi
847 4429 988 4490 mortem
1009 4425 1163 4511 adquirit,
1180 4427 1259 4511 quia
1279 4428 1350 4495 sine

336 4767 344 4796 ¹
361 4765 464 4845 ardens]
483 4782 532 4817 om.
546 4763 636 4826 doc.
823 4761 828 4836 Ι
884 4766 895 4796 ²
910 4763 980 4839 velit]
998 4765 1075 4828 velut,
1087 4765 1175 4823 (¹00.st
