3500 5784
679 905 861 956 semronm-
1234 886 1299 958 127

246 1079 372 1144 tissime
403 1079 570 1145 assistenti
602 1077 769 1167 supremo
787 1079 897 1145 ordini
929 1077 1113 1166 proximius
1143 1075 1298 1152 adhaeret‚

248 1180 291 1246 ab
328 1181 442 1247 eodem
479 1183 616 1270 suscipit
652 1183 883 1268 intelligentiae
922 1181 1034 1246 lumen
1065 1179 1234 1265 limpidius
1266 1183 1301 1242 et

247 1285 395 1350 caritatis
427 1286 576 1352 ardorem
608 1285 798 1365 ferventius,
823 1283 1060 1370 assistendique
1083 1281 1301 1347 stabilitatem

247 1387 375 1452 firmius
397 1394 432 1453 et
453 1395 565 1454 aetum
587 1389 802 1454 ministrandi
831 1388 996 1468 nobilius3
1028 1386 1167 1471 ideoque
1189 1404 1302 1448 secun·

247 1489 327 1554 dum
358 1489 479 1576 gradus
509 1489 643 1576 majoris
665 1491 970 1578 approximationis‚
995 1487 1258 1573 sublimiorisque
1281 1507 1302 1549 a

249 1589 347 1657 Patre
372 1591 537 1658 luminum
559 1598 718 1680 susceptas
741 1591 1002 1672 illuminationis,
1026 1589 1145 1656 fortius
1168 1595 1203 1654 et
1226 1608 1301 1654 con-

248 1695 443 1760 summatius
464 1697 501 1760 in
523 1695 670 1783 ejusdem
694 1695 803 1762 Patris
825 1695 968 1782 assurgit
998 1692 1206 1758 incessabiles
1226 1712 1300 1778 gra·

248 1795 372 1862 tiarum
393 1787 513 1877 laudes,
539 1803 573 1864 et
596 1799 743 1866 omnium
774 1799 1011 1886 imperatarum
1034 1795 1201 1861 actionum
1224 1793 1301 1859 obe·

248 1899 383 1980 dientes,
416 1908 593 1989 promptas,
617 1907 652 1969 et
686 1901 829 1968 efficaces
861 1899 1066 1987 expletiones
1078 1922 1087 1979 ;
1125 1897 1172 1963 sic
1206 1901 1241 1962 et
1262 1896 1300 1960 in

249 2002 431 2069 hierarchia
461 2004 682 2084 ecclesiastica,
718 2003 776 2090 qui
810 2003 893 2069 sacri
925 2001 1130 2088 principatus
1153 2000 1302 2064 ordinem

250 2109 284 2170 et
306 2106 501 2172 universalis
524 2107 666 2172 ecelesiae
681 2107 847 2171 unitatem
869 2127 938 2170 non
953 2102 1132 2181 deserrmt¹‚
1150 2123 1214 2188 quo
1226 2101 1301 2166 sub

250 2207 393 2273 limiores
415 2214 494 2274 sunt
516 2209 551 2273 in
576 2203 749 2295 digbitatis
771 2207 997 2274 ecelesiastica
1030 2205 1197 2293 gradibus,
1222 2225 1260 2269 eo
1283 2225 1304 2268 a

250 2331 378 2374 summo
408 2309 568 2376 Pontifice
599 2311 728 2396 sibique
773 2310 1037 2398 conjunctissime
1075 2305 1305 2373 assistentibus

251 2411 471 2478 cardinalibus
502 2413 615 2478 lumen
650 2413 808 2480 doctrinae
839 2413 918 2478 fidei
940 2417 975 2477 et
997 2411 1214 2489 moderamen,
1239 2430 1303 2496 quo

252 2519 383 2601 oportet
406 2520 440 2580 et
463 2515 556 2582 decet
578 2517 614 2580 in
638 2515 735 2582 domo
769 2515 832 2580 Dei
858 2514 1054 2594 conversari,
1079 2513 1301 2599 suscipientes,

252 2613 493 2703 propinquius²
532 2617 719 2704 rependunt
751 2617 850 2682 etiam
881 2623 916 2682 et
946 2616 1068 2682 mentis
1090 2621 1305 2702 spontaneam

253 2718 463 2784 devotionem
486 2725 521 2785 et
543 2721 703 2807 injunctae
726 2721 866 2785 actionis
889 2719 1118 2784 executionem
1133 2716 1303 2782 efficacius.

256 2821 342 2901 Quia
364 2821 468 2908 igitur
491 2826 525 2888 et
544 2844 612 2908 ego,
636 2823 713 2890 licet
735 2822 900 2909 indignus,
924 2822 961 2885 in
983 2821 1159 2907 dignitatis
1182 2821 1304 2906 episeo-
1317 2844 1451 2910 especimy

254 2923 337 3011 palis
358 2923 498 3011 gradm
528 2923 588 2990 sim
620 2923 823 3002 sublimatus,
859 2923 966 2988 fateor
987 2945 1041 2987 1110
1062 2926 1159 2987 tanto
1182 2911 1421 2988 aretiusllheis

255 3033 290 3092 et
313 3026 491 3114 obligatius
523 3026 734 3114 subjectionis
757 3033 791 3092 et
813 3025 1008 3091 obedientiae
1037 3046 1167 3122 ‘summo
1197 2994 1416 3110 ponti-iidol.

253 3129 315 3208 fici,
332 3135 519 3216 sanctaeque
534 3129 691 3194 Romanae
707 3129 849 3196 ecclesiae
869 3128 1089 3194 constitutum
1111 3127 1304 3220 debitorem,

255 3253 320 3318 quo
342 3233 482 3318 gradum
504 3231 646 3320 adeptus
669 3253 742 3297 sum
766 3231 928 3296 altiorem.

301 3333 500 3400 Desiderans
533 3335 644 3422 igitur,
668 3356 736 3399 non
759 3337 890 3400 mactus
913 3333 971 3398 sed
992 3339 1201 3420 spontaneus,
1223 3354 1307 3420 prae-

256 3435 338 3502 dicti
371 3436 476 3502 debiti
506 3437 596 3524 patri
627 3458 754 3502 summo
788 3435 938 3523 pontifici
961 3434 1165 3500 sanctissimo
1188 3440 1221 3500 et
1244 3435 1307 3501 sibi

257 3538 486 3605 assistentibus
519 3539 763 3606 venerabilibus
795 3538 946 3626 patribus
987 3543 1109 3604 sanctae
1147 3537 1307 3604 Romanae

257 3639 397 3708 ecclesiae
431 3641 651 3707 cardinalibus
674 3642 801 3706 solutor
823 3641 904 3720 fieri,
928 3662 1015 3706 nunc
1049 3640 1221 3726 praesentis
1251 3664 1308 3728 pa

257 3743 343 3830 ginae
365 3742 594 3822 insinuatione,
619 3742 701 3807 alias
723 3764 781 3830 per
813 3741 877 3808 Dei
908 3743 1049 3829 gratiam
1083 3743 1309 3810 alteriusmodi

257 3847 448 3925 ostensione,
480 3851 596 3911 votum
628 3843 758 3910 devotae
788 3845 960 3912 solutionis
982 3851 1102 3912 vestrae
1124 3846 1309 3933 specialiter

259 3946 463 4014 discretioni³
485 3947 578 4013 volui
600 3947 778 4027 notificare,
813 3943 934 4034 rogans
965 3969 1064 4035 quam
1093 3971 1224 4036 possum
1247 3949 1308 4013 hu-

258 4049 330 4115 mili
352 4053 387 4116 et
409 4049 529 4116 devoto
552 4048 680 4128 affeetu,
705 4055 869 4137 quatenus
899 4051 935 4117 in
960 4050 1021 4116 hoe
1042 4074 1115 4118 meo
1136 4057 1216 4117 voto
1240 4073 1309 4116 sus-

258 4153 359 4240 cipiat
398 4175 450 4218 me
494 4151 719 4219 favorabiliter
759 4153 976 4240 benignitatis
1009 4159 1129 4220 vestrae
1166 4153 1307 4220 devotio.
1365 4141 1372 4156 Χ
1398 4199 1401 4203 -

259 4253 362 4319 Vobis
384 4260 494 4322 autem
516 4277 584 4342 prae
606 4256 732 4322 caeteris
754 4256 995 4322 venerabilibus
1016 4257 1165 4342 patribus
1186 4263 1308 4324 sanctae
1320 4276 1422 4327 Hehad

260 4357 416 4426 Romanae
456 4357 597 4425 eeclesiae
643 4359 862 4425 cardinalibus
904 4359 1120 4426 confidentius
1156 4359 1306 4448 praeelegi
1319 4344 1440 4463 2ᾞῖ

294 4707 301 4737 ¹
319 4705 443 4773 ramat]
463 4709 560 4772 esunt,
573 4706 661 4760 coc.
844 4706 854 4738 ¹
870 4705 1022 4775 1011111111]
1031 4708 1309 4771 massonemosc.

293 4787 492 4854 aptarique]
511 4787 621 4853 propius,
632 4788 683 4842 su
