3500 5784
460 849 524 912 188
780 863 929 914 aosrarr
952 863 1185 915 ouossnrssru

455 1041 585 1128 qualem
606 1062 666 1106 nos
689 1041 809 1108 scimus
832 1039 998 1107 continuis
1020 1045 1055 1106 ct
1077 1039 1186 1106 anxiis
1199 1040 1307 1106 cordis
1329 1042 1506 1129 gemitibus

454 1145 498 1210 ab
520 1165 559 1209 eo
581 1143 741 1233 postulari
751 1142 771 1210 ¹.
817 1143 937 1210 Valeat
958 1149 1074 1212 sancta
1095 1145 1280 1232 paternitas
1309 1151 1421 1212 vestra
1449 1168 1507 1233 per

455 1253 605 1335 tempora
625 1246 782 1335 longiora.

928 1445 1039 1512 LXIL

323 1551 394 1596 ¹²³⁸·
464 1560 658 1630 Veaaraoia·
687 1561 731 1627 ia
763 1557 898 1626 caasa
916 1558 1028 1646 fratri
1049 1564 1080 1626 ct
1102 1558 1213 1626 amico
1235 1559 1413 1627 maissiam
1437 1559 1505 1627 Ra

288 1689 434 1754 *Ralphuc
547 1663 703 1752 dubriam,
725 1663 791 1729 Dei
813 1662 929 1748 pratia
950 1661 1150 1729 Ciccstresaa'
1169 1662 1346 1751 Episcopa
1369 1661 1507 1730 domasa·

287 1755 394 1810 Nouus
546 1767 638 1853 repis
668 1765 880 1845 roncaliam,
914 1764 1088 1842 Robertaa,
1111 1765 1228 1831 macra
1257 1764 1375 1850 pratia
1417 1764 1505 1831 Lira

546 1868 730 1936 osiniensis
762 1867 901 1935 eccesia
923 1866 1087 1934 minister
1115 1866 1272 1949 homilis,
1292 1867 1439 1936 saluam
1474 1874 1505 1936 a

544 1973 719 2040 aucarum
733 1971 903 2058 fraternos
925 1969 1081 2036 caritatis
1103 1977 1337 2056 eupolemum

286 2137 443 2192 fiscanna
501 2109 646 2198 Rogavit
681 2129 741 2175 uos
773 2105 958 2173 dilectionis
991 2109 1112 2170 vestras
1142 2105 1313 2170 sinceritas
1344 2110 1506 2191 quatenus

286 2212 669 2326 ffiessssffltmscriberemus
707 2210 840 2276 domino
873 2208 971 2295 Papae
1008 2212 1043 2273 ct
1080 2205 1275 2294 specialibus
1311 2208 1434 2273 nostris
1469 2208 1506 2272 in

285 2289 406 2390 orauiqu
455 2316 546 2382 curia
567 2335 628 2402 pro
650 2312 873 2402 postulatione
895 2315 1006 2376 vestra
1039 2309 1075 2373 in
1105 2309 1212 2375 forma
1242 2331 1342 2396 quam
1373 2309 1446 2376 Deo
1472 2315 1506 2376 et

284 2405 435 2525 {fillfflr
454 2417 594 2485 ecclesia
617 2422 651 2484 st
672 2415 790 2482 honori
822 2417 933 2479 vestro
964 2411 1151 2478 videremus
1182 2411 1376 2492 convenire3
1408 2414 1504 2500 quod,

284 2542 415 2592 assona
453 2522 534 2589 sciat
567 2520 685 2588 caritas
710 2522 830 2598 vestra,
847 2517 969 2581 devoto
984 2514 1095 2580 animo
1116 2513 1294 2580 faoeremus
1315 2516 1344 2581 si
1366 2514 1503 2581 formam

285 2605 403 2726 {iffi
452 2627 504 2692 his
527 2625 777 2692 convenientem
800 2641 986 2699 noscemus;
1009 2617 1082 2683 est'
1103 2621 1217 2683 autem
1239 2588 1327 2684 uerae
1349 2618 1505 2686 amicitiae

285 2755 355 2808 pope.
453 2731 516 2809 lex,
541 2732 581 2794 ut
603 2723 880 2814 quemadmodum
901 2722 1044 2808 benigne
1074 2721 1224 2786 concedit
1246 2720 1390 2807 petitum
1416 2723 1505 2808 quod

452 2831 556 2899 credit
593 2829 722 2918 petenti
761 2825 852 2906 utile,
892 2824 938 2890 sic
975 2826 1073 2910 neget
1111 2821 1199 2909 quod
1237 2823 1341 2889 credit
1376 2825 1505 2911 petenti

453 2937 657 3012 damnosum,
697 2934 989 3018 quantumcunque
1018 2925 1127 3003 fuerit,
1152 2930 1186 2991 et
1208 2924 1270 2990 sibi
1308 2926 1372 3012 ipsi
1417 2925 1505 3013 quod

450 3039 578 3125 petitur
608 3056 737 3122 negare,
770 3037 805 3097 et
835 3030 966 3118 petenti
1002 3028 1167 3115 repulsam
1203 3028 1282 3116 pati,
1321 3029 1504 3095 molestum.

453 3141 506 3207 Ex
537 3142 598 3206 hac
630 3139 702 3226 lege
735 3135 890 3202 amicitiae
921 3133 1020 3209 Deus,
1053 3133 1111 3219 qui
1141 3153 1288 3198 summus
1319 3155 1412 3199 amor
1443 3141 1503 3216 est,

452 3243 634 3311 carissimos
656 3262 731 3305 suos
753 3239 946 3325 plerumque
968 3256 1036 3301 non
1059 3233 1197 3300 exaudit
1219 3235 1262 3300 asi
1284 3240 1410 3318 votum,
1426 3236 1505 3304 licet

453 3347 582 3414 cosdem
606 3365 644 3410 eo
666 3343 738 3430 ipso
761 3339 849 3428 quod
871 3360 939 3404 non
961 3337 1098 3402 exaudit
1127 3336 1172 3402 ad
1197 3342 1323 3417 votum,
1346 3339 1504 3406 exaudiat

453 3449 494 3516 ad
531 3449 680 3516 salutem.
737 3445 790 3509 Ex
821 3443 884 3508 hac
916 3439 1032 3506 eadem
1064 3439 1136 3528 lege
1167 3439 1321 3506 amicitiae
1355 3462 1414 3507 vos
1435 3463 1503 3507 uon

452 3551 634 3620 exaudiens
655 3550 776 3624 nostra,
800 3565 900 3631 quam
932 3565 1010 3629 erga
1031 3564 1091 3608 vos
1121 3541 1273 3628 gerimus,
1296 3542 1437 3623 dilectio,
1461 3544 1504 3610 ad

451 3659 636 3720 vastrorum
667 3647 924 3744 consiliariorum
945 3650 1070 3722 votum,
1094 3643 1248 3709 exaudiet
1270 3667 1339 3724 vos,
1362 3650 1402 3711 ut
1432 3669 1503 3735 spa

451 3779 571 3836 ramus,
606 3753 649 3819 ad
687 3750 901 3818 salubriorem
932 3747 1093 3813 effectum.
1148 3745 1243 3812 Sicut
1280 3747 1368 3812 enim
1406 3748 1503 3816 nobis

452 3861 550 3948 plane
565 3857 707 3934 videtur,
731 3853 760 3919 si
781 3873 842 3940 pro
866 3856 978 3916 vestra
1003 3848 1226 3937 postulatione
1249 3849 1383 3915 domino
1405 3851 1504 3938 Papae

452 3986 509 4030 scu
543 3957 788 4026 venerabilibus
825 3953 974 4041 patribus
1011 3957 1134 4018 sanctae
1172 3951 1330 4018 Romanae
1361 3954 1502 4021 ecclesiae

451 4063 672 4132 cardinalibus
709 4081 730 4125 a
766 4078 932 4145 quoquam
970 4055 1140 4133 scribatur,
1178 4054 1293 4120 statim
1337 4054 1421 4122 forte
1458 4057 1502 4122 ab

448 4189 561 4236 eorum
594 4162 760 4250 aliquibus
793 4159 929 4236 dicetur,
952 4163 987 4224 et
1008 4156 1222 4244 proculdubio
1252 4181 1273 4222 a
1303 4157 1423 4224 vestris
1444 4159 1502 4225 ad-

450 4267 602 4338 versariis
640 4265 800 4343 omnibus,
838 4264 1027 4327 constanter
1070 4258 1274 4338 clamabitur,
1312 4259 1499 4348 hujusmodi

450 4372 660 4463 scriptionem
693 4391 714 4434 a
746 4365 841 4432 vobis
875 4386 944 4430 esse
976 4367 1193 4450 procuratam,
1217 4368 1252 4427 et
1274 4385 1316 4428 ex
1344 4363 1408 4429 hoc
1428 4365 1500 4452 ipso

450 4481 563 4542 contra
576 4494 635 4538 voe
649 4474 803 4537 nascetur
816 4467 964 4533 uiolenta
986 4463 1208 4552 praesumptio,
1225 4465 1313 4551 quod
1333 4465 1443 4531 locum
1457 4467 1501 4532 ad

448 4599 546 4665 quem
568 4573 728 4664 postulati
749 4571 829 4638 estis
851 4568 1015 4635 affectatis
1050 4571 1213 4653 tanquam
1242 4568 1497 4654 locupletiorem,

481 4781 637 4851 ¹postulan]
655 4781 789 4848 postulare,
801 4777 873 4832 000.
968 4773 976 4844 Ι
1030 4773 1105 4841 ἐκ]
1124 4781 1157 4837 et,
1168 4773 1220 4826 Ox.
