3500 5784
421 849 489 914 236
746 866 897 917 sornam
917 867 1150 920 osossrrmsrn

424 1045 542 1108 vestrm
553 1043 825 1129 consequentiam,
837 1067 905 1111 non
915 1044 1038 1132 poterit
1049 1045 1217 1132 episcopus
1232 1048 1342 1111 vester
1355 1042 1469 1130 hujus-

422 1145 512 1210 modi
524 1146 732 1212 commissum
747 1145 811 1212 sibi
825 1147 959 1234 suisque
973 1153 1054 1214 tunc
1064 1145 1232 1214 notorium
1245 1146 1469 1213 incontinenti

421 1250 548 1336 punire,
570 1249 629 1314 sed
650 1249 816 1336 oportebit
838 1273 914 1316 eum
943 1250 1006 1317 boc
1039 1249 1241 1338 impunitum
1274 1249 1468 1336 relinquere,

421 1352 475 1416 vel
496 1350 540 1417 ad
562 1372 658 1418 suum
679 1351 867 1418 inferiorem
888 1352 1017 1432 referre,
1040 1373 1149 1419 coram
1177 1374 1243 1439 quo
1265 1352 1413 1418 inferiori
1439 1352 1469 1418 is

329 1541 331 1549 γ
420 1454 479 1542 qui
511 1453 626 1519 taliter
654 1454 826 1533 commisit,
849 1476 924 1520 oum
957 1454 1046 1522 idem
1076 1455 1283 1521 commissum
1326 1476 1394 1520 non
1423 1455 1470 1521 sit

420 1556 509 1644 apud
531 1557 671 1622 eundem
694 1556 881 1624 inferiorem
903 1559 1080 1636 notorium,
1107 1557 1244 1624 habebit
1265 1557 1294 1623 si
1315 1557 1467 1636 voluerit,

420 1659 583 1746 legitimas
606 1657 815 1738 defensiones,
838 1680 900 1726 nec
920 1661 1044 1747 poterit
1058 1659 1179 1748 puniri,
1201 1659 1274 1742 nisi,
1297 1666 1469 1726 accusante

420 1763 571 1849 episcopo
603 1761 756 1848 legitime,
792 1763 965 1850 contingat
994 1762 1136 1829 eundem
1167 1763 1323 1828 convinci.
1373 1762 1468 1828 Idem

419 1885 550 1952 quoque
583 1863 708 1930 accidet
730 1865 758 1930 si
781 1865 955 1952 quisquam
986 1866 1300 1952 praenominatorum
1330 1853 1469 1953 repellat

419 1968 607 2055 episcopum
630 1971 778 2034 vestrum
799 1968 843 2034 ab
865 1968 1020 2034 ordinum
1040 1969 1096 2035 vel
1117 1968 1308 2035 divinorum
1328 1968 1469 2034 celebra·

418 2071 520 2150 tione,
554 2091 612 2136 seu
640 2091 844 2158 quorumque
875 2075 1151 2138 sacramentorum
1173 2070 1467 2150 administratione,

420 2195 488 2239 non
515 2173 622 2239 solum
636 2171 673 2238 in
686 2173 851 2259 praedictis
872 2174 962 2256 locis,
985 2173 1044 2240 sed
1058 2172 1159 2240 etiam
1173 2175 1211 2238 in
1224 2173 1299 2240 aliis
1321 2174 1468 2261 ejusdem

419 2275 576 2342 dioecesis
632 2273 796 2342 Similiter
818 2281 930 2342 autem
957 2275 1085 2343 accidet
1106 2277 1136 2341 si
1158 2276 1330 2362 quisquam
1352 2298 1469 2342 eorun-

416 2377 495 2443 dem
517 2377 554 2442 in
576 2375 744 2464 praedictis
780 2377 859 2444 locis
889 2400 948 2444 seu
981 2379 1020 2443 in
1042 2377 1120 2444 aliis
1149 2378 1293 2465 ejusdem
1322 2379 1470 2444 dioecesis

419 2483 620 2566 contemptu,
643 2477 825 2558 omissione,
858 2480 913 2545 vel
946 2479 1150 2568 negligentia
1186 2502 1388 2567 quacunque,
1411 2502 1469 2546 seu

418 2576 573 2644 convitiis
587 2583 622 2643 et
644 2577 859 2656 contumeliis,
882 2599 941 2644 seu
955 2585 1246 2665 quantumcunque
1266 2578 1469 2666 gravissimis

416 2680 547 2766 injuriis
569 2681 606 2746 in
620 2680 861 2759 auctoritatem,
885 2681 1091 2767 dignitatem,
1106 2681 1161 2746 vel
1183 2679 1325 2747 officium
1347 2681 1468 2768 episco-

250 2785 351 2903 Epio&
353 2783 490 2905 ⁵pale
512 2803 580 2848 non
605 2785 758 2862 vereatur
788 2782 1000 2848 committere
1044 2781 1199 2869 Legimus
1232 2787 1346 2848 tamen
1371 2783 1469 2848 aliter

353 2859 459 2952 ⁵'de
482 2885 619 2972 Moyse3
650 2886 707 2971 qui
733 2887 910 2982 postquam
931 2884 1149 2951 constituerat
1169 2885 1232 2951 sub
1253 2906 1289 2950 se
1310 2883 1468 2951 trabucos

133 3057 139 3070 .
248 2858 392 3128 dall-{megia
417 2995 448 3054 et
470 2988 682 3054 centuriones
703 2993 734 3053 ot
756 2984 1073 3106 quiaquayamcios
1093 2993 1124 3054 ct
1138 2985 1283 3053 decanos
1304 2985 1353 3052 ad
1369 2984 1469 3072 judi-

248 3077 314 3126 aaa
322 3075 571 3157 &sarman
588 3089 763 3176 populum
785 3111 883 3156 omme
904 3095 1054 3175 tempore,
1086 3088 1300 3155 nihilominus
1328 3089 1470 3176 ipsemet

249 3149 311 3196 m
418 3191 518 3258 delict
503 3196 575 3258 tum
596 3192 741 3258 filiorum
765 3192 869 3258 Israel
898 3191 1105 3258 commissum
1127 3191 1162 3256 in
1185 3190 1327 3258 officium
1358 3195 1468 3277 pasto-

417 3295 517 3360 rale
507 3316 544 3360 m
566 3294 668 3360 vituli
701 3295 791 3360 aurei
824 3293 1019 3360 conflatione
1041 3299 1077 3359 et
1098 3293 1242 3379 ejusdem
1274 3294 1468 3360 adoratione

247 3395 290 3444 Ex
271 3395 330 3474 ¹⁰4
415 3397 680 3483 delinquentium
710 3396 836 3464 monto¹
853 3396 1004 3483 punivit,
1024 3395 1239 3483 &Musaque
1258 3395 1469 3462 mostomtwn

248 3477 332 3513 :ma
344 3467 384 3514 ω
415 3506 445 3567 et
469 3497 657 3568 contritum
670 3521 777 3587 usqae
796 3497 844 3566 ad
862 3496 1078 3586 puluerem
1062 3520 1107 3564 ca
1129 3519 1259 3585 aquom
1283 3497 1418 3584 sparsit,
1436 3505 1469 3564 et

406 3601 504 3688 filios
526 3601 639 3668 Israel
660 3623 700 3670 ea
721 3623 757 3668 oo
774 3599 914 3688 potavit,
937 3606 977 3666 ut
998 3621 1057 3687 per
1077 3599 1139 3666 hoo
1160 3622 1214 3666 eos
1237 3601 1294 3686 qui
1321 3600 1468 3687 delique-

414 3711 490 3772 rant
505 3703 548 3770 ab
564 3703 638 3769 aliis
661 3703 879 3770 discernam?
925 3702 1002 3789 Ipse
1025 3723 1153 3787 quoque
1168 3702 1341 3788 Moyses,
1331 3725 1368 3767 m
1390 3725 1466 3768 con-

414 3804 624 3894 surgentibus
647 3811 762 3872 oontra
782 3825 859 3870 eum
890 3803 1003 3883 Ohore,
1037 3803 1181 3885 Dathan,
1205 3810 1240 3870 et
1261 3805 1409 3891 Abymn,
1432 3809 1468 3871 et

412 3907 731 3976 committentibus
722 3930 758 3972 m
780 3905 925 3972 officium
956 3906 1153 3992 pastorale
1143 3904 1206 3992 ipsi
1230 3906 1341 3993 Moysi
1365 3908 1468 3972 madi-

246 4007 323 4060 Num.
332 4007 385 4062 ”2
414 4017 497 4092 tum,
534 4009 635 4076 misit
664 4016 705 4075 ut
741 4014 870 4074 vocaret
856 4007 1041 4074 tDattua
1070 4013 1100 4073 et
1129 4007 1298 4094 Atyrora;
1328 4010 1467 4096 ipsemet

413 4111 569 4180 discrevit
604 4110 684 4197 quid
706 4110 773 4177 laet
758 4111 826 4176 turi
858 4109 1002 4176 essent'
993 4131 1029 4174 m
1051 4109 1193 4176 officium
1215 4111 1280 4176 sibi
1305 4111 1467 4177 creditum

276 4227 279 4235 '
413 4215 648 4302 delinquentes,
671 4215 711 4277 ut
732 4216 905 4299 appareret
935 4233 1017 4298 quos
1050 4211 1254 4277 Dominus
1244 4234 1281 4278 in
1313 4213 1376 4279 hoc
1396 4212 1468 4279 offi-

411 4317 500 4384 cium
515 4316 672 4402 elegisset.
717 4313 809 4380 Licet
822 4315 928 4402 igtur
942 4318 982 4379 ut
1002 4314 1151 4400 praedixi,
1174 4314 1313 4384 haberet
1334 4315 1467 4401 Moyses

414 4419 475 4486 sub
498 4417 622 4504 sejam
653 4415 851 4484 constitutos
884 4415 1055 4480 inferiores
1083 4415 1221 4501 judiees,
1252 4416 1468 4483 nihilominus

238 4573 243 4584 .
286 4591 291 4598 ,
412 4525 526 4587 tamen
548 4519 777 4605 delinquentes
799 4518 835 4584 in
856 4517 1080 4582 ministerium
1112 4517 1274 4584 creditum
1295 4518 1361 4584 sibi
1383 4521 1468 4607 ipse·

445 4821 622 4888 10¹‚repeats
633 4828 717 4872 morte.
822 4883 826 4890 ι
939 4816 1177 4886 Udorum]
1186 4819 1364 4884 discernerent,
1372 4820 1467 4876 ΟΜ.
