3500 5784
684 805 860 860 erremus.
1235 807 1299 876 375

247 985 358 1052 anima
380 986 516 1072 decepta
538 985 574 1049 in
596 984 666 1050 haec
681 985 751 1050 loca
772 983 817 1050 isa
837 983 895 1052 die
915 987 1020 1053 cubis
1033 997 1064 1054 ct
1078 990 1251 1074 caliptum,
1266 991 1303 1054 id

247 1093 306 1164 est,
341 1089 377 1152 in
411 1087 553 1174 quodam
589 1087 781 1174 imaginaris
809 1090 1011 1175 apparentia,
1043 1113 1110 1177 qua
1131 1093 1303 1179 concupita

247 1195 407 1278 apparent
438 1211 507 1256 esse
530 1209 610 1255 vera
644 1190 738 1268 bona,
765 1190 962 1256 obumbrata
991 1193 1078 1258 nube
1108 1199 1143 1260 et
1164 1195 1302 1280 caligine

247 1293 365 1358 erroris
380 1297 415 1358 ot
429 1293 633 1380 ignorantia.
658 1292 696 1358 Si
712 1294 815 1380 igitur
830 1300 942 1380 pastor
958 1297 1173 1382 corporalium
1190 1297 1302 1361 ovium

247 1417 300 1460 eas
323 1401 420 1461 tants
453 1395 673 1461 sollicitudine
706 1399 865 1482 tantoque
896 1397 1006 1463 labore
1029 1399 1154 1475 visitat,
1177 1403 1302 1484 quanto

247 1498 423 1583 majoribus
445 1498 665 1564 sollicitudine
688 1503 722 1563 et
744 1499 855 1564 labore
878 1505 1009 1586 oportet
1031 1507 1193 1588 pastorem
1208 1500 1302 1586 spiri-

213 1619 216 1624 ·
248 1600 365 1665 talium
395 1601 516 1680 ovium,
541 1621 600 1686 pro
633 1601 753 1686 quibus
783 1601 936 1667 Christus
968 1609 1117 1668 mortuus
1150 1609 1209 1680 est,
1242 1624 1302 1688 pro

248 1702 366 1789 quibus
389 1705 515 1791 etipse
539 1707 649 1790 pastor
671 1703 802 1769 debitor
824 1709 874 1768 est
897 1705 1043 1769 animam
1073 1717 1201 1791 ponere,
1225 1727 1303 1770 oves

248 1805 389 1883 visitare,
418 1811 452 1871 et
476 1805 642 1871 visitando
665 1827 718 1870 eas
741 1829 815 1892 quae
838 1808 1008 1892 perierunt
1031 1830 1184 1894 quaerere,
1202 1808 1303 1873 donec

247 1909 419 1985 invenerit,
437 1913 471 1972 et
493 1909 646 1973 inventas
668 1908 829 1990 reducere,
854 1910 955 1975 etiam
978 1911 1006 1976 si
1029 1933 1110 1998 opus
1132 1911 1240 1988 fuerit,
1259 1911 1302 1976 ad

247 2011 468 2077 imitationem
483 2010 604 2076 summi
620 2011 770 2092 Pastoris,
781 2014 922 2100 propriis
937 2013 1081 2078 humeris
1095 2013 1300 2099 reportando.

293 2114 335 2178 In
364 2114 478 2178 eodem
508 2113 610 2178 etiam
644 2113 824 2179 Ezechielis
855 2115 1001 2202 capitulo
1030 2116 1111 2180 dicit
1138 2114 1300 2181 Dominus
1313 2135 1406 2186 Ezeeu

247 2217 283 2282 in
316 2238 452 2304 persona
475 2207 632 2302 pastoris,
658 2217 746 2302 quod
773 2217 854 2301 Ipse
873 2224 986 2302 puscet
1017 2239 1089 2283 oves
1117 2215 1220 2283 εἴπως’
1256 2203 1402 2322 ίηῗζιῑζ

242 2319 376 2404 judicio
398 2325 428 2383 et
453 2317 600 2403 justitio,
636 2325 665 2382 ct
699 2318 789 2404 quod
815 2319 895 2405 Ipse
920 2319 1058 2405 judicat
1075 2309 1301 2406 ‘iuter'pccua
1396 2308 1402 2320 ’

248 2429 278 2488 ct
311 2443 421 2508 pecua,
454 2420 605 2486 arietum
636 2427 667 2486 et
695 2420 877 2486 hircorum.
934 2422 976 2486 In
1006 2444 1071 2508 quo
1103 2424 1301 2508 ostenditur,
1313 2440 1345 2489 In
1357 2443 1426 2493 what

247 2526 335 2610 quod
360 2524 469 2611 gregis
492 2529 605 2611 pastus
634 2523 786 2588 consistit
816 2545 884 2589 uon
913 2526 1019 2590 solum
1048 2528 1084 2590 in
1106 2528 1244 2592 scientia
1265 2505 1471 2626 etsshgoffieffinss'

248 2628 404 2704 doctriua,
435 2627 491 2691 sed
521 2627 622 2691 etiam
652 2626 689 2690 in
722 2626 847 2711 judicio
880 2635 915 2692 et
946 2628 1157 2714 justitia3⁰et
1188 2629 1425 2716 quod²eonsistc

246 2731 386 2817 pastoris
423 2730 468 2795 sic
499 2731 586 2794 inter
623 2751 720 2815 pecus
751 2737 785 2794 et
815 2751 914 2816 pecus
944 2730 1145 2816 dijudicatio.
1203 2732 1299 2818 Diju-

248 2834 355 2900 dioare
393 2839 505 2898 autem
549 2833 637 2897 inter
683 2833 747 2897 duo
793 2833 867 2918 quis
911 2835 1043 2921 poterit,
1082 2835 1148 2899 nisi
1186 2857 1299 2900 eorum

249 2936 448 3002 differentias
486 2941 520 3000 et
558 2935 770 3001 discretiones
807 2938 1006 3022 agnoverit?
1060 2939 1115 3002 Ad
1136 2943 1298 3024 pastorem

249 3041 352 3126 igitur
374 3037 575 3126 spiritalium
598 3039 711 3102 ovium
734 3045 870 3124 spectat,
893 3061 1006 3104 eamm
1037 3039 1240 3105 differentias
1266 3046 1301 3107 et

248 3143 487 3229 proprietatum
525 3141 734 3205 discretiones
771 3162 951 3226 agnoscere,
990 3163 1130 3227 quarum
1164 3142 1301 3230 agnitio,

248 3247 391 3332 exceptis
436 3243 573 3310 notoriis
612 3249 647 3308 et
689 3251 805 3330 sponte
864 3245 1024 3322 confessis,
1075 3245 1189 3310 haberi
1233 3268 1301 3313 non

248 3349 377 3435 poterit,
424 3349 489 3412 nisi
534 3347 748 3432 inquisitione
794 3347 846 3412 vel
890 3349 1092 3433 probatione.
1154 3349 1302 3416 Perfecta

248 3452 351 3538 igitur
403 3451 515 3515 ovium
568 3447 718 3514 custodia
764 3454 799 3513 et
844 3452 1048 3516 conservatio
1093 3473 1300 3538 nequaquam

250 3553 373 3619 carebit
406 3552 543 3618 solicitas
572 3552 775 3616 visitationis
805 3557 840 3618 et
870 3552 1039 3639 diligentis
1076 3555 1301 3639 inquisitionis

249 3657 361 3723 officio.
408 3657 589 3742 Episcopus
622 3655 725 3742 igitur
758 3655 915 3742 praedicto
948 3657 1046 3721 modo
1079 3678 1147 3722 non
1177 3679 1301 3744 praepe-

250 3761 347 3840 ditus,
377 3759 530 3824 visitabit
562 3780 639 3824 oves
669 3780 753 3836 suas,
785 3781 805 3822 a
835 3780 868 3822 se
899 3781 957 3845 per
980 3759 1189 3846 privilegium
1212 3763 1301 3848 Apo-

249 3863 399 3930 stolicum
437 3883 503 3926 non
558 3865 736 3948 exemptas,
782 3861 948 3942 videlicet,
1001 3868 1071 3927 tam
1116 3863 1297 3949 capitulum

250 3967 391 4032 ecclesiae
428 3987 506 4042 suae,
547 3971 581 4030 et
618 3964 699 4029 alios
737 3947 904 4030 ministros
946 3966 1097 4042 ecclesiae,
1132 3965 1300 4031 ministros

250 4089 379 4155 quoque
396 4067 610 4146 ecclesiarum,
635 4067 894 4153 praebeudalium
919 4067 1131 4154 dignitatum,
1156 4074 1190 4132 et
1212 4090 1298 4133 oom-

249 4193 366 4249 munae,
398 4193 497 4256 quam
532 4169 739 4236 ecclesiarum
777 4169 918 4234 aliarum
956 4171 1223 4235 conventualium
1265 4176 1300 4236 et

249 4274 503 4360 parochialium
557 4279 592 4338 et
629 4274 717 4338 inter
755 4279 891 4338 caeteros
925 4272 1108 4338 visitandos
1154 4273 1299 4338 maxime

250 4377 347 4442 debet
384 4376 554 4463 proprium
591 4375 728 4440 visitare
750 4376 939 4462 capitulum,
964 4398 1039 4441 cum
1068 4378 1175 4463 ipsum
1209 4379 1298 4465 capi-

285 4700 291 4728 ¹
309 4696 381 4763 suna]
400 4711 476 4762 meas,
486 4696 567 4759 'Irim
579 4699 628 4750 Ox.
743 4697 748 4766 Ι
796 4701 805 4728 ²
817 4705 839 4749 el
850 4698 926 4764 quod]
938 4685 1067 4763 'qnodque
1079 4699 1150 4748 Trin.
