3500 5784
416 879 480 942 182
743 888 892 940 nosnsrr
915 888 1143 939 aaoaerrrsrr

414 1071 450 1136 in
488 1090 598 1156 preces
635 1072 798 1154 quantum
835 1073 946 1155 potest
982 1068 1122 1134 humiles
1159 1071 1193 1134 et
1230 1067 1367 1134 devotas
1404 1087 1464 1154 pro

415 1173 537 1240 eisdem
582 1171 738 1238 fratribus
775 1191 809 1236 se
854 1175 965 1238 totum
996 1170 1171 1252 effundere,
1204 1171 1391 1259 supplicans
1428 1172 1464 1235 et

416 1275 595 1368 obsecrans,
642 1272 797 1360 quatinus
842 1278 956 1341 contra
984 1274 1129 1362 pericula
1166 1273 1275 1340 ordini
1308 1276 1343 1338 et
1388 1271 1462 1338 reli·

417 1379 507 1464 gioni
546 1399 614 1444 suae
659 1375 868 1443 imminentia
910 1399 968 1463 per
1016 1381 1240 1465 procuratores
1285 1375 1463 1442 eorundem

286 1475 289 1484 '
417 1481 557 1546 fratrum
590 1483 710 1546 vestras
747 1478 957 1566 paternitatis
994 1478 1204 1546 discretioni¹
1233 1477 1363 1567 plenius
1406 1499 1463 1543 ex-

417 1581 577 1669 ponenda,
599 1581 779 1660 consilium,
814 1582 984 1660 auxilium,
1011 1591 1046 1648 et
1078 1580 1261 1648 remedium
1291 1579 1463 1647 efficaciter

417 1685 597 1772 apponatis.
652 1685 801 1751 Timetur
838 1686 926 1750 enim
963 1705 1031 1749 non
1067 1684 1240 1762 immerito,
1275 1683 1362 1769 quod
1399 1681 1463 1746 nisi

416 1786 646 1854 convenientia
675 1787 773 1853 citius
804 1786 1005 1853 subveniant
1026 1786 1178 1864 remedia,
1200 1785 1299 1852 unius
1320 1782 1464 1850 hominis

416 1891 584 1958 effraenata
609 1889 783 1957 voluntate
806 1891 1006 1956 occasionem
1032 1889 1087 1956 vel
1108 1911 1247 1966 causam,
1270 1891 1310 1954 ut
1331 1888 1461 1966 dicitur,

414 1997 601 2082 praestante,
636 1993 834 2060 dissolvetur
871 1995 907 2057 in
940 2015 1061 2080 magns
1095 1997 1189 2080 parte
1219 1993 1360 2058 fratrum
1390 1990 1463 2058 uni-

415 2102 478 2175 tas,
510 2099 653 2181 tepescet
680 2094 847 2184 religionis
880 2095 997 2176 fervor,
1028 2097 1191 2162 ducentur
1222 2094 1322 2160 multi
1357 2089 1462 2180 poeni-

415 2198 521 2264 tentia
558 2197 615 2286 qui
652 2187 726 2284 'jam
766 2197 919 2264 habiturn
963 2203 1183 2284 susceperunt,
1220 2195 1463 2281 mutabuntque

415 2299 615 2389 propositum
641 2301 698 2386 qui
730 2321 765 2366 se
799 2303 1004 2386 suscepturos
1034 2297 1186 2365 habitum
1218 2300 1460 2386 proposuerant,

240 2401 311 2452 Lam.
324 2401 358 2454 iv.
373 2410 394 2455 ¹·
414 2402 690 2469 scandalizabitur
726 2402 763 2468 in
796 2402 843 2468 cis
877 2402 982 2468 clerus
1019 2404 1054 2468 et
1090 2400 1239 2488 populus,
1278 2422 1353 2465 cum
1378 2397 1462 2466 aaa

414 2505 502 2571 color·
524 2503 675 2592 optimus
700 2503 737 2569 in
767 2503 903 2569 scoriam
933 2503 1122 2591 apparuerit
1146 2525 1330 2582 conversus,
1354 2503 1462 2568 extin-

413 2613 533 2696 guetur
554 2614 624 2674 tam
654 2605 784 2694 fulgens
818 2607 972 2688 lucerna3
1004 2606 1226 2692 redibuntque
1255 2609 1461 2694 peomtorum

413 2717 448 2778 et
470 2731 615 2776 errorum
637 2709 782 2776 tenebrae
806 2731 880 2796 quae
909 2708 1003 2775 velut
1033 2712 1148 2775 exorta
1169 2729 1256 2774 nora
1288 2708 1360 2774 luce
1388 2707 1460 2794 jam

412 2811 544 2878 fuerant
581 2811 761 2898 plurimum
798 2810 1036 2878 exterminata.
1089 2809 1210 2877 Valeat
1241 2810 1278 2878 in
1316 2809 1459 2876 Domino

414 2921 527 2984 ancta
548 2914 731 3002 paternitas
753 2918 872 2979 vestra.

901 3234 969 3298 LX.

274 3415 345 3464 1²³⁸·
416 3407 617 3480 Venerando
638 3405 683 3474 iar
707 3405 840 3476 Otrieto
858 3406 958 3495 patri
974 3406 1106 3489 Ottoal,
1122 3406 1189 3476 Dei
1201 3408 1320 3494 praua
1338 3409 1461 3480 Santi

500 3509 661 3580 Nicltolai
683 3509 727 3576 isa
750 3507 888 3577 (lurcare
912 3509 1075 3578 Tulliam>
1097 3509 1242 3578 diucorw
1272 3511 1459 3593 cardinali,

498 3614 640 3715 Apostot
640 3613 701 3680 icco
734 3612 823 3680 suaa
868 3612 981 3698 cocao,
1026 3609 1198 3694 Robertus,
1243 3613 1485 3682 nimione

501 3705 627 3784 dicarit
657 3714 918 3782 Liacolaa'eueis
953 3713 1093 3782 comta
1121 3715 1282 3784 minister
1303 3716 1459 3799 humiliis,

500 3819 696 3886 salutemet
683 3825 835 3905 tquara
868 3816 1053 3886 debitumt
1039 3824 1113 3887 tosa
1134 3818 1288 3889 devotum
1309 3819 1460 3940 Mica·

238 3982 332 4035 cu..
500 3920 588 3988 tiara
610 3927 640 3988 et
662 3919 895 3988 reuerentiam.

234 3990 383 4198 ξοᾞῗζέξθ
456 4101 542 4184 Quia
556 4101 645 4188 fides
656 4123 720 4190 per
735 4099 851 4168 dilect·
823 4107 951 4168 taonem
965 4123 1110 4190 operosas
1118 4124 1178 4169 vos
1191 4101 1462 4172 indissolubiliter

235 4200 380 4330 ffihest
410 4206 486 4274 unit
472 4205 659 4284 tOhristo,
691 4225 760 4269 non
792 4203 1016 4292 potestestas
1049 4204 1171 4274 ὥοιιιιιε
1202 4205 1268 4274 Det
1297 4230 1355 4275 vos
1385 4231 1459 4276 rwa

195 4355 199 4362 -
234 4279 346 4384 oprp
411 4308 584 4390 correctae,
612 4307 669 4374 sed
701 4313 827 4394 quanto
860 4307 1075 4395 propinquior
1105 4309 1143 4373 in
1175 4332 1309 4398 corpore
1336 4311 1460 4381 Christi

233 4399 398 4518 mahen
412 4418 462 4480 est
493 4409 595 4478 verul
626 4410 764 4498 conjunc
765 4409 813 4476 tio
851 4410 915 4498 ipsi
951 4411 1060 4498 capiti,
1091 4417 1187 4480 tanto
1224 4415 1364 4505 amplius
1401 4437 1461 4483 vos

232 4561 275 4678 a·
288 4563 371 4614 n

443 4773 449 4804 ¹
467 4773 620 4842 Melini]
638 4773 821 4836 ᾱίιοιιιίοιιειιι,
832 4773 945 4842 Ο.Ο.Ο.Ι
991 4775 1091 4843 ²m]
1108 4783 1200 4839 min,
1210 4777 1261 4830 01„
