3500 5784
696 899 876 951 murena.
1267 888 1308 953 69

263 1077 455 1158 praetentam
477 1096 544 1139 non
576 1076 754 1158 minuatur,
778 1098 838 1142 nec
859 1076 974 1141 vultus
997 1075 1097 1140 vestri
1132 1074 1244 1138 lumen
1267 1075 1310 1137 ad

263 1196 315 1239 me
344 1176 580 1243 obtenebretur
592 1202 601 1257 ;
623 1180 877 1265 experianturque
910 1200 987 1265 rogo
1019 1199 1128 1241 mcum
1151 1198 1229 1261 erga
1250 1198 1309 1240 vos

262 1276 416 1342 affectum
456 1280 636 1367 assumptio
670 1286 803 1367 propter
835 1303 896 1345 vos
933 1282 981 1345 rei
1026 1278 1212 1366 periculosae
1250 1299 1308 1364 per

263 1379 386 1444 malum
412 1402 527 1467 poenae,
551 1404 619 1447 non
650 1404 708 1468 per
738 1382 862 1447 malum
894 1381 1019 1468 culpae3
1042 1381 1112 1447 haeo
1143 1384 1193 1444 est
1219 1379 1307 1443 enim

259 1481 316 1547 lex
348 1485 510 1565 amicitiae,
545 1490 585 1550 ut
616 1508 684 1551 non
714 1485 899 1573 refugiatur
936 1507 994 1571 pro
1032 1483 1136 1549 amico
1169 1481 1308 1566 alicujus

262 1606 369 1671 poenae
390 1588 560 1674 susceptio.
606 1587 710 1653 Nulla
740 1595 853 1653 tamen
879 1587 975 1674 culpa
997 1586 1224 1653 committatur
1246 1605 1307 1671 pro

262 1689 384 1753 amico:
423 1690 511 1755 unde
547 1712 607 1757 nec
644 1691 733 1757 inter
764 1692 867 1757 malos
905 1696 1015 1778 potest
1054 1712 1122 1757 csse
1152 1688 1306 1755 amicitiae

262 1790 432 1878 copulatio.

753 2114 827 2182 XX.

283 2304 355 2372 Suo
383 2288 472 2373 Aac
501 2304 543 2373 dc
572 2305 723 2373 dloatecc
752 2329 839 2373 acus
866 2304 1041 2393 badipnos
1073 2312 1102 2372 et
1121 2312 1276 2392 peccator
1334 2330 1464 2396 rasam.

543 2410 740 2498 Episcopus,
765 2409 910 2477 socom
935 2416 964 2476 ct
988 2431 1028 2476 sc.

307 2580 497 2669 Diligentiae
528 2587 562 2648 et
598 2580 719 2648 laboris
752 2581 804 2649 tui
836 2582 1016 2648 mercedem
1050 2582 1215 2649 retribuat
1242 2582 1305 2649 tibi
1319 2602 1464 2653 nmero

261 2682 420 2749 bonorum
443 2684 590 2750 omnium
611 2684 800 2751 retributor.
846 2684 917 2749 Nec
939 2685 1003 2751 crit
1025 2684 1117 2751 labor
1134 2689 1213 2749 tuus
1235 2690 1304 2749 tam
1317 2669 1463 2757 4⁶?M2'

260 2786 335 2871 pius
370 2786 435 2852 tibi
468 2808 568 2865 casus,
606 2787 664 2851 sed
697 2786 897 2853 aetcrnaliter
929 2786 1123 2864 fructuosus,
1157 2786 1302 2871 qualem-
1315 2750 1402 2854 ἷέἷωιεῖ.Β
1423 2803 1464 2853 He

262 2908 389 2975 cunque
411 2888 518 2975 quoad
539 2911 592 2955 me
613 2887 771 2955 sortietur
793 2888 954 2955 effectum.
1001 2888 1176 2955 Confidens
1203 2888 1303 2953 etiam
1318 2869 1433 2986 'wlff

262 2990 303 3055 de
337 2990 502 3057 benedicti
547 2991 730 3058 Salvatcris
766 2991 986 3057 misericordia
1030 2996 1064 3057 et
1109 2990 1305 3057 beatissimae
1318 2950 1388 3083 aa,
1397 3002 1474 3069 being

263 3092 442 3159 Genetricis
477 3094 580 3181 ipsius
616 3092 774 3181 precibus,
813 3115 907 3180 spero
944 3090 1053 3178 qu0d¹
1092 3092 1185 3158 labor
1218 3071 1474 3187 tuus,„{.²¹?¹¹,‘}1¹¹v⁸i0s2r

261 3194 361 3259 etiam
382 3195 491 3281 quoad
512 3218 573 3276 me,
596 3218 787 3283 prosperum
810 3194 975 3261 obtinebit
998 3194 1158 3263 effectum.
1207 3194 1304 3275 Quod
1318 3202 1463 3283 on'vsriour

260 3297 348 3360 enim
369 3297 463 3363 nobis
486 3296 734 3364 decurrentibus
756 3320 830 3363 cum
852 3303 1000 3385 tempore
1015 3297 1149 3363 videtur
1170 3297 1305 3386 longum
1317 3278 1407 3336 porus.

261 3400 383 3485 diuque
404 3400 556 3481 dilatum,
579 3401 668 3487 apud
695 3405 822 3467 stantes
854 3422 929 3465 cum
952 3400 1139 3467 aeternitate
1161 3401 1306 3488 plerum·

260 3523 324 3587 que
355 3525 596 3592 praepropenmr
628 3507 678 3568 est
699 3501 752 3569 vel
783 3501 1005 3568 acceleratum.
1052 3500 1216 3569 Caeterum
1238 3507 1306 3569 tuse

260 3606 481 3685 sanctissimae,
497 3602 550 3670 et⁹
564 3604 767 3683 dulcissimae,
785 3602 1076 3690 efficacissimaequc
1095 3605 1306 3692 persuasioni,

259 3727 333 3790 quae
366 3690 495 3770 utinam
528 3707 563 3770 in
597 3727 671 3770 mea
701 3705 823 3770 duritie
850 3728 871 3769 a
893 3710 927 3771 te
950 3706 1117 3772 intentum
1138 3706 1307 3795 imprimat

260 3807 419 3887 effectum,
442 3831 510 3874 non
543 3812 685 3895 quantas
716 3806 818 3873 debeo
852 3806 905 3873 vel
928 3807 1012 3890 volo,
1043 3808 1100 3874 scd
1133 3810 1176 3874 ad
1209 3810 1307 3897 pedes

259 3908 480 3977 sincerissima>
517 3908 703 3976 dilectionis
739 3914 809 3975 tuae
851 3909 1053 3996 provolutus,
1094 3917 1235 3997 quantas
1273 3918 1307 3977 et

258 4012 370 4098 quales
413 4012 516 4092 valeo,
561 4012 745 4099 gratiarum
790 4010 934 4077 actiones
979 4012 1091 4077 refero.
1156 4012 1199 4077 In
1236 4013 1307 4100 ipsa

258 4132 399 4202 namque
429 4114 637 4203 persuasione
670 4119 704 4180 te
738 4113 843 4179 solum
875 4120 1031 4202 expertus
1062 4138 1134 4180 sum
1158 4137 1305 4181 veracem

258 4218 408 4297 amicum,
439 4218 570 4285 fidelem
603 4216 833 4296 consiliarium,
868 4217 1096 4305 respicientem
1131 4219 1306 4285 veritatem

258 4337 326 4386 non
347 4321 538 4401 vanitatem,
556 4320 782 4386 imminentem
804 4320 908 4385 solido
931 4324 966 4385 et
987 4322 1082 4387 firmo
1105 4320 1305 4403 fulcimento,

258 4446 326 4489 non
348 4446 452 4491 vacuo
473 4431 508 4491 et
528 4424 638 4512 fragili
659 4423 774 4491 baculo
797 4423 986 4491 arundineo.
1031 4424 1182 4492 Juvenc³
1203 4425 1306 4513 igitur

296 4610 428 4616 -...-.-.-
439 4606 1108 4617 m-—.--

292 4712 300 4745 ¹
317 4712 393 4779 qaod]
411 4728 461 4763 om
473 4712 570 4774 C.C.C.‚
582 4714 631 4766 Ox.
775 4716 783 4849 ι
839 4709 971 4779 ’Juvenq
990 4712 1099 4774 Invenit,
1111 4712 1200 4766 ΘΕΩ.

293 4794 304 4825 ²
317 4790 355 4858 ct]
372 4807 421 4843 cm.
434 4792 488 4845 sic
