3500 5784
701 873 882 926 samsona.
1242 864 1307 930 295

262 1045 355 1112 vobis
388 1067 456 1112 non
490 1045 651 1135 expedire,
683 1047 778 1114 nobis
809 1052 921 1113 tamen
951 1046 1127 1135 expediens
1156 1047 1233 1126 fore,
1252 1048 1477 1132 ju-Hewnlex·

261 1151 363 1214 vante
389 1149 541 1230 Domino,
564 1150 762 1237 plurimum
794 1151 879 1216 illud
910 1151 997 1216 enim
1027 1150 1208 1216 remedium
1237 1172 1306 1217 non
1318 1139 1456 1188 communi-

261 1251 422 1316 eredimus
455 1253 546 1318 aliud
573 1274 670 1339 quam
701 1253 744 1317 ad
775 1254 949 1319 monachos
981 1251 1233 1320 cantuarienses
1254 1276 1304 1318 re·
1317 1205 1462 1336 icfattletffi

260 1351 396 1440 firgium,
429 1355 490 1421 sub
523 1355 643 1442 quibus
675 1355 868 1436 dicentibus,
900 1355 1091 1424 lacavere
1121 1363 1163 1422 ct
1194 1338 1410 1454 mas-,m
1418 1339 1465 1456 {¹2⁰
1529 1363 1536 1382 “

259 1475 384 1538 comem,
407 1455 436 1522 si
458 1457 557 1524 semel
587 1457 753 1524 incurvati
773 1458 911 1537 fixeritis,
938 1479 1006 1525 non
1038 1458 1208 1546 erigemini
1230 1469 1420 1525 cumeanus

260 1557 439 1626 volueritis.
484 1558 519 1624 N
519 1558 646 1646 unquid
664 1565 735 1626 tam
753 1559 953 1648 sapientium
971 1559 1120 1626 virorum
1138 1565 1190 1626 est
1208 1566 1305 1626 tanta
1315 1537 1413 1684 {a

260 1659 296 1726 in
326 1665 451 1748 petrem
480 1661 672 1750 insurgendi
701 1663 813 1744 libido,
835 1684 904 1728 non
932 1668 1142 1748 querentem,
1177 1668 1238 1730 aut
1271 1685 1305 1729 se
1369 1669 1375 1682 ’
1424 1637 1465 1684 ²³·

260 1785 406 1849 quarere
427 1785 494 1830 non
523 1766 708 1832 credentem
741 1765 805 1832 nisi
839 1765 983 1830 filiorum
1015 1764 1164 1846 salutem,
1187 1770 1228 1831 ut
1249 1789 1306 1832 vc-

259 1864 341 1932 lint¹
364 1866 429 1933 sibi
449 1865 529 1954 ipsis
550 1869 662 1934 ambos
689 1868 798 1934 oculos
820 1887 941 1947 eruere,
964 1872 1003 1933 ut
1028 1868 1117 1955 patri
1138 1868 1307 1936 auferatur

261 1989 346 2034 unus
375 1973 436 2036 eut
465 1969 549 2036 forte
571 1970 704 2036 nullust
749 1969 860 2036 Vultis
891 1991 960 2036 non
992 1969 1198 2036 dominorum
1219 1973 1306 2037 servi

260 2071 340 2152 fieri,
371 2078 410 2138 ut
443 2093 511 2137 non
544 2073 617 2138 aitis
649 2072 753 2160 patris
790 2071 875 2138 filii?
920 2069 973 2138 Ut
1003 2073 1092 2160 pat1i
1127 2072 1307 2160 propinetis

261 2193 418 2255 amarum,
453 2173 581 2240 salubre
615 2179 734 2254 tamen,
765 2173 984 2262 pharmacum,
1014 2173 1118 2241 vrdtis
1151 2196 1211 2240 vos
1244 2175 1307 2262 ipsi

260 2273 390 2341 haurire
421 2279 609 2342 venenum?
653 2275 742 2358 Quid
771 2277 860 2341 enim
888 2275 1013 2342 fodent
1041 2277 1136 2342 nobis
1163 2276 1308 2344 Cantus·
1346 2353 1352 2365 ,
1454 2359 1459 2366 ι

242 2378 381 2444 ‚aienses
402 2379 562 2459 monachi,
578 2379 643 2446 nisi
665 2380 754 2466 quod
768 2401 828 2466 pro
842 2378 946 2465 justa
967 2401 1072 2446 causae
1092 2384 1127 2444 et
1149 2379 1307 2446 utilitatis

219 2481 222 2486 ’
261 2483 440 2548 communis
470 2481 665 2560 defensione,
689 2503 759 2563 nos,
789 2481 897 2547 modis
919 2481 1040 2568 quibus
1061 2485 1226 2568 poterunt,
1250 2483 1309 2548 tri·

261 2583 449 2650 bulabuntl
508 2584 590 2666 Quae
627 2583 808 2664 tribadatio
843 2583 987 2670 juvante
1024 2583 1175 2663 Domino,
1213 2584 1308 2650 nobis

260 2685 337 2754 licet
358 2707 476 2766 amera,
499 2686 640 2754 salubris
662 2691 774 2752 tamen
807 2673 909 2772 potio,
932 2685 1141 2774 egritudinis
1171 2689 1307 2766 curatio,

262 2789 376 2856 salutis
398 2788 540 2876 adeptio,
565 2789 655 2854 visus
680 2788 881 2868 clarificatio,
906 2787 1060 2872 fracturae
1085 2787 1306 2867 consolidatio,

262 2891 443 2958 debilitatis
469 2891 697 2971 corroboratio,
721 2896 756 2958 et
792 2894 917 2957 nostrae
938 2889 1194 2978 imperfectionis
1229 2913 1303 2978 per·

261 2993 381 3060 sectio:
413 2992 509 3059 vobis
539 2999 660 3074 autem,
686 2993 715 3058 si
747 3015 806 3080 per
838 3015 899 3060 vos
927 2993 1086 3059 adveniat
1106 2993 1160 3059 vel
1181 3015 1309 3080 promo·

261 3100 385 3174 vectur,
408 3095 446 3160 in
475 3095 637 3162 contraria
658 3095 890 3182 praedictorum
917 3095 1064 3160 omnium
1090 3100 1308 3163 convertetur.

262 3198 339 3264 Non
361 3197 465 3286 igitur
489 3197 585 3264 nobis
614 3198 713 3266 debet
736 3219 804 3264 esse
835 3219 894 3283 pro
916 3197 1017 3278 nobie¹
1041 3201 1196 3277 vestrum,
1220 3197 1309 3284 quod

262 3299 442 3379 minamini,
474 3299 655 3367 remedium
677 3300 811 3366 terroris
843 3321 949 3380 cause,
979 3301 1036 3366 scd
1058 3299 1288 3366 consolationis
1300 3325 1309 3380 ;

262 3425 320 3490 pro
345 3403 440 3470 vobis
462 3407 574 3468 tamen
599 3423 680 3488 quos
705 3401 790 3469 sicut
811 3401 897 3468 filios
919 3401 1094 3489 diligimus,
1118 3401 1185 3468 tale
1206 3424 1309 3470 reme-

262 3505 362 3584 dium,
387 3505 476 3592 qucd
509 3503 604 3571 vobis
634 3527 702 3570 osas
731 3526 799 3570 non
828 3508 939 3592 potest
968 3503 1033 3570 nisi
1063 3504 1306 3585 detrimentum,

262 3608 471 3674 abhorremus
483 3632 492 3690 ς
515 3612 550 3672 et
573 3608 728 3687 volentes
754 3612 794 3674 ut
820 3628 992 3694 possumus
1016 3611 1128 3674 vestro
1152 3606 1309 3673 obsistere

262 3711 429 3777 mortifero
453 3708 549 3776 vobis
578 3710 730 3791 remedio,
760 3709 856 3776 vobis
881 3731 940 3796 pro
966 3713 1056 3776 certo
1078 3709 1308 3796 significemus,
1376 3733 1380 3740 ·

263 3813 350 3900 quod
375 3812 404 3878 si
427 3833 449 3878 a
474 3811 571 3878 dictis
596 3813 763 3879 monachis
789 3811 965 3898 quicquam
989 3810 1182 3898 impetretis,
1197 3811 1308 3878 velud

263 3937 375 3981 eorum
401 3913 595 3980 mandatum
617 3913 654 3980 in
676 3935 873 4000 quemquam
896 3914 1071 4000 quicquam
1091 3914 1306 4000 attemptatis,

263 4039 320 4106 per
343 4021 450 4084 totam
481 4016 646 4084 dioeceeim
668 4021 817 4084 nostram
840 4037 900 4082 vos
929 4015 1057 4104 publice
1085 4016 1306 4084 excommuni-

263 4125 352 4186 catos
374 4120 563 4188 denunciari
584 4119 746 4188 acicam
791 4117 916 4186 Valcte.

606 4511 613 4540 ¹
630 4507 716 4574 veliet]
734 4507 859 4572 videlieet,
872 4505 963 4558 (200.
