3500 5784
475 727 542 792 tw
795 745 1196 798 mmmmmn

476 937 557 996 mus,
580 913 738 1004 regularis
761 917 981 988 observantias
1011 925 1082 987 mm
1113 921 1281 987 manifesti
1311 927 1347 987 et
1378 943 1533 988 enormes

475 1023 736 1106 transgressores,
760 1021 816 1106 qui
850 1023 956 1088 totius
986 1023 1106 1110 patriae
1149 1023 1342 1090 scandalum
1379 1029 1465 1089 sunt
1495 1029 1532 1089 et

475 1123 645 1188 canticum
690 1119 775 1188 (lum
797 1123 886 1189 enim
920 1124 961 1191 de
991 1147 1125 1213 corpore
1145 1131 1258 1192 vestro
1279 1126 1350 1191 sint
1372 1125 1528 1213 praedioti

475 1223 639 1304 maculosi,
661 1243 729 1288 non
763 1229 874 1310 potest
896 1247 1010 1293 eorum
1032 1228 1163 1294 macula
1183 1232 1303 1307 totum,
1326 1227 1422 1314 cujus
1442 1233 1529 1292 eunt

474 1347 559 1412 pers,
582 1347 650 1392 non
671 1323 858 1395 deformare.
905 1327 1080 1396 conicitur
1099 1330 1203 1396 etiam
1235 1349 1322 1416 saepe
1352 1351 1396 1394 ex
1426 1330 1529 1415 aegri·

474 1427 590 1493 tudine
611 1427 724 1516 partis,
745 1428 909 1516 agritudo
942 1431 980 1496 in
1013 1435 1104 1512 toto;
1135 1431 1252 1498 videns
1281 1431 1372 1496 enim
1405 1430 1526 1517 pedem

474 1529 619 1616 alicujus,
643 1530 735 1618 cujus
768 1553 837 1598 non
867 1533 1027 1620 conspicit
1055 1533 1181 1612 faciem,
1204 1539 1265 1600 eut
1295 1554 1412 1619 corpus
1448 1532 1527 1597 reli-

474 1655 576 1718 quum
609 1635 791 1702 scabiosum
824 1635 879 1701 vel
916 1636 1089 1723 leprosum,
1124 1657 1235 1702 nonne
1271 1634 1367 1701 facile
1393 1634 1526 1720 judicat

474 1739 585 1800 totum
618 1737 831 1804 consimiliter
863 1736 1041 1803 infectuml
1084 1737 1175 1818 Quid
1206 1737 1312 1823 igitur
1341 1738 1464 1802 mirum
1495 1737 1526 1800 si

474 1859 516 1903 ex
547 1838 701 1906 scabiosis
735 1845 769 1906 et
799 1839 935 1927 leprosis
966 1840 1132 1927 praediotis
1162 1839 1333 1906 consimile
1363 1838 1406 1904 de
1426 1839 1522 1904 vobis

400 1990 406 2004 .
435 1991 442 2006 .
474 1938 596 2007 noiant
618 1942 716 2008 multi
741 1941 923 2028 judicium?
968 1941 1156 2008 &undum
1177 1940 1385 2029 Apostolum,
1401 1939 1519 2028 semi

474 2040 561 2108 cotio
590 2050 653 2110 out
674 2043 909 2111 inmunditia
939 2050 999 2110 aut
1021 2044 1156 2130 aliquod
1177 2043 1300 2109 crimen
1321 2065 1392 2108 non
1412 2041 1517 2107 solum

472 2166 539 2210 non
571 2167 649 2226 esse,
672 2145 729 2211 sed
760 2167 821 2212 aec
854 2145 1038 2212 owmmeori
1069 2146 1158 2213 decet
1188 2145 1232 2212 o'a
1261 2142 1385 2210 vobial
1440 2144 1519 2232 Ipsa

472 2246 561 2312 enim
582 2247 651 2312 sola
671 2247 864 2330 nominatio,
880 2253 916 2315 et
937 2250 1080 2314 maxime
1098 2270 1173 2335 quoe
1195 2245 1401 2335 probabilem
1422 2252 1518 2312 nacta

471 2352 522 2413 est
570 2350 777 2428 occasionem,
824 2349 937 2416 lumen
973 2357 1093 2416 vestrae
1138 2348 1309 2436 religionis
1345 2348 1518 2414 tenebnsa

471 2451 622 2518 obfuscat
643 2451 799 2540 caligine3
820 2452 921 2520 debet
943 2458 1055 2519 autem
1078 2453 1138 2517 lux
1159 2457 1273 2518 vestra
1295 2450 1367 2516 sine
1380 2451 1517 2537 caligine

471 2552 585 2631 lucere,
612 2560 653 2620 ut
680 2556 847 2642 perspicue
869 2556 1025 2622 videatur
1053 2555 1089 2619 in
1111 2555 1215 2634 vobis,
1241 2553 1285 2620 ab
1310 2553 1461 2619 omnibus
1481 2555 1514 2617 in

470 2676 529 2720 vos
558 2656 800 2735 contuentibus,
833 2657 982 2722 omnium
1012 2657 1279 2723 transitoriorum
1309 2654 1514 2743 plenissimus

470 2763 685 2846 contemptus,
724 2759 817 2825 nulla
853 2760 890 2824 in
927 2761 1091 2846 prosperis
1129 2757 1314 2834 delectatio,
1352 2757 1444 2822 nulls
1479 2756 1513 2820 in

470 2861 615 2926 eduensis
652 2861 874 2939 contristatio;
914 2862 973 2928 sed
1010 2860 1115 2948 magis
1158 2861 1195 2925 in
1238 2859 1301 2940 his,
1338 2859 1513 2926 secundum

302 2969 446 3028 Remea.
469 2961 676 3049 Apostolum,
709 2961 882 3050 gloriatio:
921 2961 1128 3028 macilentae⁹
1157 2966 1194 3028 et
1223 2961 1386 3048 pallentes
1417 2960 1512 3027 acia

468 3085 510 3129 ex
540 3065 663 3150 vigiliis
694 3070 728 3131 et
758 3065 895 3152 jejunio,
926 3087 968 3130 ex
995 3065 1215 3149 lacrymarum
1244 3063 1412 3150 frequenti
1442 3084 1513 3149 pro-

468 3165 570 3232 fluvio
591 3167 628 3230 in
650 3165 729 3254 ipsis
751 3167 895 3234 faciebus
916 3167 1032 3232 relicta
1053 3166 1204 3254 signatio,
1239 3165 1398 3231 orationis
1423 3165 1512 3252 jugis

466 3267 679 3349 continuatio
712 3291 771 3356 per
801 3269 1024 3335 humilitatem
1057 3267 1211 3334 omnibus
1243 3266 1427 3353 subjectio;
1455 3289 1512 3354 per

466 3391 534 3435 non
566 3371 769 3454 contendere,
793 3393 852 3438 nec
878 3373 1040 3460 repunirs,
1063 3392 1123 3436 nee
1154 3371 1383 3435 recontristare
1414 3391 1513 3454 queu-

301 3489 442 3542 auctta.
467 3493 573 3558 quam
606 3473 663 3538 sed
692 3473 901 3558 percutienti
924 3473 967 3540 ist
998 3472 1147 3540 mamille
1177 3471 1296 3537 aare
1314 3470 1461 3556 praebere
1482 3477 1511 3537 et

296 3565 339 3610 ³⁹·
467 3574 619 3654 alteram
642 3575 829 3664 evangelica
849 3573 1031 3662 perfectio⁸.

512 3676 721 3742 Meminimus
747 3682 859 3743 autem
893 3699 953 3742 nos
986 3697 1084 3764 super
1104 3674 1293 3760 hujusmodi
1313 3673 1411 3740 vobis
1431 3674 1510 3739 alias

466 3778 636 3866 scripsisse,
676 3785 842 3866 sperantes
880 3801 923 3845 ex
964 3784 1078 3844 nostra
1113 3777 1288 3865 scriptione
1324 3775 1509 3862 hujusmodi

465 3881 578 3947 morbo
599 3881 759 3947 medelam
781 3901 1003 3967 preparasse3
1033 3879 1091 3945 sed
1122 3879 1208 3945 deut
1239 3877 1359 3944 accidit
1380 3877 1432 3942 his
1453 3879 1510 3963 qui

464 3984 597 4051 medicis
619 4005 686 4049 non
709 3982 878 4062 obediunt,
902 3982 991 4070 quod
1020 3981 1231 4068 pharmacum
1260 3979 1346 4045 utile
1367 3980 1511 4045 vertitur

464 4087 511 4152 eie
533 4087 569 4151 in
592 4090 805 4173 augmentum
828 4085 935 4151 morbi
949 4083 1004 4150 vel
1025 4088 1173 4160 mortem,
1200 4082 1247 4148 sic
1268 4080 1364 4146 uobis
1378 4081 1512 4147 videtur

464 4189 559 4257 vobis
596 4187 759 4256 accidisse
817 4185 881 4253 Est
917 4187 1006 4252 enim
1044 4185 1177 4251 morbus
1213 4184 1277 4249 iste
1313 4183 1509 4249 novissimus

501 4467 812 4534 mmmmm
1043 4463 1509 4532 2mmmmnm

464 4545 1435 4696 &fflffmmffimmmwwm3
