3500 5784
495 832 561 897 282
820 844 969 897 nonnam
990 844 1222 899 naossmasuu

493 1018 571 1085 dam
607 1036 649 1083 ex
687 1016 790 1097 vobis,
828 1025 870 1085 ut
904 1018 1033 1097 dieitur,
1066 1019 1194 1107 publiae
1228 1018 1398 1099 fetentiu3
1442 1015 1547 1083 libido

492 1125 605 1185 autem
627 1121 785 1187 vindicta
806 1119 922 1187 laneea
943 1122 1054 1187 estin
1087 1144 1189 1187 manu
1220 1121 1343 1202 furiem
1377 1142 1444 1206 qua
1474 1141 1546 1207 pm·

492 1225 602 1310 prium
623 1223 791 1309 transfigit
812 1246 936 1312 eorpus,
969 1230 1008 1289 ut
1039 1226 1250 1291 retrostautie
1280 1225 1425 1311 perforet
1445 1224 1549 1288 venti·

492 1331 663 1391 mentum:
687 1325 866 1391 nonenim
888 1330 998 1413 potest
1019 1328 1093 1414 quis
1126 1327 1228 1393 alium
1261 1327 1388 1404 laedere,
1423 1325 1490 1391 nisi
1513 1325 1549 1389 in

491 1426 588 1491 bonis
616 1428 835 1494 exterioribus
856 1429 911 1495 vel
943 1430 1039 1495 bonis
1072 1432 1233 1517 corporis3
1264 1429 1400 1496 libidine
1433 1432 1547 1493 autem

492 1529 657 1609 vindiotae,
673 1531 842 1617 suiipsius
857 1532 1024 1619 transfigit
1039 1532 1193 1611 animam,
1210 1538 1244 1597 et
1259 1532 1402 1597 virtutee
1416 1530 1546 1607 animae,

493 1631 587 1717 quasi
626 1633 759 1699 vitalem
803 1634 906 1720 ipsius
949 1634 1143 1720 sanguinem
1188 1634 1335 1701 effundit
1396 1633 1547 1719 Usurpat

493 1757 622 1823 quoque
644 1736 708 1803 sibi
730 1737 887 1822 quaesitor
900 1736 1046 1817 ultionis,
1062 1737 1150 1823 quod
1172 1737 1237 1802 sibi
1259 1736 1320 1801 soli
1336 1735 1427 1801 Deus
1442 1755 1545 1799 reser-

411 1839 455 1891 xit
494 1838 597 1919 vavit,
613 1838 746 1905 dicens:
764 1837 859 1903 Mitt
874 1836 1032 1904 vindicta
1043 1838 1063 1918 ¹,
1074 1846 1104 1905 at
1119 1860 1176 1923 ⁰90
1190 1837 1386 1905 retaliatum.
1411 1836 1547 1903 Judiees

360 1941 368 1956 ⁰
494 1941 583 2007 enim
605 1942 664 2028 qui
693 1946 826 2027 pennata
859 1940 1092 2020 ulaieeunturl,
1125 1964 1193 2007 non
1224 1941 1366 2007 hominis
1400 1940 1457 2005 sed
1480 1938 1545 2005 Dei

494 2049 599 2129 agunt
631 2044 816 2129 judicium:
862 2066 1025 2131 usurpans
1062 2066 1140 2111 vero
1185 2044 1322 2131 alicujus
1366 2042 1544 2130 proprium,

495 2150 658 2231 quantum
680 2147 810 2233 inipso
833 2150 894 2224 est,
926 2145 1035 2213 aufert
1057 2146 1154 2213 alteri
1176 2169 1271 2213 suum
1294 2168 1372 2225 esse,
1396 2143 1545 2229 sibiipsi

494 2248 644 2313 tribuens
672 2249 777 2330 illnd;
815 2254 1012 2335 quapropter
1049 2254 1083 2315 et
1112 2272 1179 2328 vos,
1211 2254 1370 2335 quantum
1393 2249 1429 2313 in
1450 2246 1545 2311 vobis

495 2358 554 2432 eet,
578 2352 649 2418 Dee
671 2352 807 2418 aufertis
829 2374 900 2419 esee
931 2352 1094 2434 divinum,
1126 2354 1290 2419 vobismet
1320 2352 1405 2417 illud
1436 2349 1543 2415 tm'bu-

496 2460 587 2521 entes
599 2479 607 2535 3
641 2460 677 2521 et
699 2456 753 2519 cui
774 2455 811 2519 in
831 2455 894 2521 hoe
925 2455 1034 2521 affecti
1064 2456 1143 2521 estis
1175 2456 1318 2521 similest
1352 2454 1471 2519 Nonne
1494 2452 1544 2516 illi

372 2570 386 2620 '.
419 2570 459 2623 ·v.
495 2558 553 2643 qui
573 2556 684 2623 adem
704 2578 807 2623 eatam
827 2556 876 2623 ad
898 2556 1105 2643 Aquilonem
1119 2558 1227 2624 voluit
1257 2578 1377 2643 ponere
1409 2561 1443 2621 et
1472 2554 1543 2619 fieri

360 2675 367 2698 ’
417 2677 423 2688 ·
495 2659 624 2727 amate
651 2658 860 2726 Altteelmo?
905 2660 1109 2747 Magnanimi
1140 2660 1360 2748 reputemini3
1391 2658 1449 2723 sed
1469 2678 1543 2744 pro·

495 2764 591 2829 bavit
626 2784 686 2829 ves
722 2784 791 2828 non
828 2782 897 2828 esse
934 2762 1163 2849 magnanimos
1200 2759 1350 2849 quaesitio
1387 2761 1542 2841 ultionis3

491 2865 694 2952 magnanimi
723 2866 812 2931 enim
834 2864 1004 2951 proprium
1026 2862 1103 2946 est³,
1126 2887 1195 2931 non
1216 2865 1390 2931 memorari
1404 2863 1542 2951 injuriae,

490 2968 640 3054 nihilque
685 2972 756 3033 tam
792 2967 1002 3053 pusillanimo
1033 2989 1132 3053 quam
1153 2968 1258 3033 libido
1280 2968 1443 3033 vindictae.
1489 2966 1542 3031 Ne

490 3071 601 3157 igitur,
622 3069 687 3135 filii
709 3068 830 3147 dilecti,
852 3074 983 3135 vosmet
1004 3069 1167 3135 ineassum
1198 3069 1305 3156 primo
1331 3068 1541 3156 transfigatis,

490 3179 525 3237 et
548 3172 637 3259 quod
659 3172 811 3237 divinum
832 3175 884 3237 est
917 3192 990 3237 cum
1023 3171 1169 3239 Sathena
1202 3172 1375 3259 usurpetis,
1414 3176 1448 3237 et
1474 3194 1543 3249 voa,

490 3276 579 3342 tanti
600 3280 734 3361 tamque
755 3273 905 3361 praeclari
935 3275 1079 3340 nominis
1109 3275 1284 3362 hucusque,
1317 3275 1543 3363 pusillanimes

490 3380 680 3457 ostendatis,
704 3378 789 3443 hane
811 3378 913 3443 etiam
944 3379 1106 3443 maculam
1141 3379 1182 3444 de
1215 3378 1323 3443 medio
1354 3379 1542 3445 vest1itol-

489 3482 588 3549 latis:
613 3480 793 3548 nonenim
815 3480 994 3567 gloriosum
1023 3487 1074 3547 est
1096 3482 1199 3559 vobis,
1231 3482 1288 3547 sed
1309 3482 1433 3547 humile
1456 3481 1542 3547 mul·

488 3590 562 3649 tum
584 3590 619 3651 et
633 3584 699 3649 vila
714 3584 802 3670 quod
815 3584 852 3648 in
866 3584 928 3649 hae
951 3588 1045 3671 parte
1067 3583 1175 3649 lanitia
1190 3608 1196 3648 :
1222 3584 1331 3650 facitis
1345 3585 1434 3649 enim
1456 3584 1541 3651 illud

488 3689 560 3753 fieri
575 3686 804 3774 permittendo,
842 3686 933 3766 Quid
947 3687 1034 3751 anim
1049 3691 1100 3752 est
1115 3688 1274 3753 Ricardus
1289 3687 1330 3751 de
1346 3686 1541 3773 Kyrkeham

488 3794 608 3856 vestrm
630 3787 871 3875 magnitudinis
898 3792 1069 3875 respectat
1113 3788 1276 3877 Nunquid
1309 3810 1377 3855 non
1399 3790 1469 3878 ipse
1491 3794 1542 3855 eet

488 3895 592 3961 vestri
613 3897 764 3980 respectu
786 3894 827 3956 ut
847 3888 1001 3957 avicula⁴
1026 3892 1187 3978 parvula?
1231 3892 1300 3957 Vos
1334 3892 1447 3979 ipsius,
1478 3891 1540 3958 ut⁵

488 3998 620 4085 aquilal
641 3996 750 4081 Vulgo
766 3993 895 4072 dieitur,
921 3999 938 4028 “
948 3994 982 4059 N
983 3995 1110 4080 unquid
1132 3996 1243 4082 aquila
1265 3996 1354 4082 eapit
1376 3996 1540 4061 musoasl'’

487 4125 556 4169 non
579 4105 630 4167 est
651 4099 792 4186 gloriosa
814 4096 934 4183 aquilae
956 4098 1068 4183 paeda
1090 4100 1188 4180 talie;
1210 4099 1351 4186 gloriosa
1372 4105 1485 4165 tamen
1507 4102 1542 4164 et

487 4227 609 4291 magna
637 4206 689 4267 est
721 4220 858 4277 araneae,
891 4221 991 4286 quam
1022 4204 1135 4267 tamen
1168 4202 1314 4289 praedam
1335 4202 1453 4268 venari
1474 4224 1542 4267 non

487 4310 598 4394 posset
634 4302 701 4367 nisi
737 4322 796 4387 per
831 4300 917 4366 retia
947 4300 1129 4368 invisibilia
1165 4326 1293 4371 muscae.
1339 4303 1541 4390 Hujusmodi

520 4528 529 4563 ¹
545 4520 987 4590 umaa1vnueam‚0·0·0-.Oz
1073 4536 1209 4603 quau]
1228 4527 1347 4602 aeneia,
1358 4538 1450 4593 aon.

519 4608 530 4636 ²
546 4603 707 4669 etenum]
725 4600 981 4664 unianimitatem.

521 4686 595 4751 ἀί]
617 4699 667 4735 om.
688 4681 789 4745 C.C.C·,
801 4682 866 4744 Ox.;
880 4680 987 4751 C.C.C‚·
1070 4708 1080 4737 s
1098 4707 1137 4776 ια]
1155 4712 1189 4769 οἵ,
1200 4706 1291 4761 (35.0,

486 4762 731 4817 haswoforenim.
1016 4766 1018 4771 ’
