3500 5784
698 879 876 933 merom.
992 820 997 827 1
1257 874 1315 939 ’19

255 1055 321 1121 nisi
348 1046 460 1143 aliqua
488 1054 697 1144 praemunitio
721 1056 819 1124 huic¹
844 1057 1043 1140 infirmitati,
1068 1060 1161 1126 velut
1182 1062 1315 1149 potiun—

255 1160 337 1239 cula,
361 1161 598 1247 praeservativa
619 1159 772 1227 sanitatis
805 1166 995 1229 occurreret.
1051 1161 1195 1249 Ideoque
1227 1165 1313 1231 hano

165 1297 167 1305 ι
255 1263 386 1329 literam
407 1264 501 1330 velut
521 1263 750 1350 potiunculam
772 1266 1041 1351 preservativam
1063 1266 1106 1331 od
1128 1266 1312 1334 utilitatem

255 1365 469 1444 infirmorum,
504 1367 533 1432 si
566 1368 623 1454 qui
658 1367 743 1433 forte
776 1366 845 1434 sint
876 1368 959 1435 tales
989 1369 1026 1434 in
1057 1373 1169 1435 vestro
1200 1375 1313 1435 sancto

256 1470 399 1558 collegio,
433 1471 530 1537 vobis
563 1470 655 1537 volui
688 1470 836 1558 dirigere
884 1470 964 1537 Non
999 1472 1089 1557 quod
1122 1474 1252 1539 credam
1275 1475 1309 1539 in

258 1578 370 1639 vestra
404 1578 520 1641 sancto
550 1573 714 1654 societate,
750 1594 818 1639 non
849 1595 919 1639 esse
950 1574 1108 1660 plurimos
1130 1578 1311 1643 secundum

256 1675 390 1743 modum
424 1676 523 1764 hujus
554 1676 826 1763 peregrinationis
856 1676 1026 1763 perfectos,
1058 1664 1131 1763 qui
1148 1678 1310 1743 infirmio-

255 1781 354 1861 ribus,
390 1782 549 1867 quicquid
585 1780 732 1847 viderint
764 1780 831 1845 illis
853 1780 1016 1867 expedire,
1046 1785 1082 1847 et
1118 1783 1311 1868 persuadere

256 1882 363 1950 scant
385 1883 553 1963 efficacius,
578 1890 612 1950 et
634 1884 695 1949 hoo
717 1880 841 1949 efficere
874 1882 980 1949 velint
1011 1882 1188 1949 ardentius
1243 1883 1309 1951 Sed

256 1987 331 2052 talis
354 1991 405 2053 est
426 1988 582 2073 spiritalis
605 1986 775 2052 medioinae
797 1989 927 2064 natura,
951 1986 1040 2072 quod
1065 1993 1190 2072 quanto
1205 2009 1226 2051 a
1239 1986 1311 2074 plu·
1340 2065 1343 2072 Δ

256 2088 347 2155 ribus
369 2091 629 2170 administratur,
653 2094 750 2154 tanto
783 2088 942 2153 efficacius
976 2088 1116 2154 salutem
1146 2095 1308 2176 operatur.

256 2192 302 2258 Et
333 2193 450 2259 medici
483 2192 646 2280 spiritales
675 2191 938 2278 cooperatoribus
960 2189 1098 2257 eorum²
1134 2213 1203 2258 non
1225 2192 1308 2257 invi·

255 2295 344 2375 dcnt,
368 2296 563 2363 acdeorum
585 2300 802 2381 augmentum
837 2315 936 2379 quam
969 2293 1148 2381 plurimum
1183 2294 1308 2361 deside·

256 2404 339 2465 ront.
396 2398 497 2464 Unde
531 2401 567 2465 et
601 2398 732 2484 Moyses
765 2397 919 2483 spiritum
948 2397 1132 2486 prophetiae
1154 2397 1308 2464 omnibus

256 2501 427 2579 desiderat,
471 2500 601 2567 dicens:
642 2498 729 2582 Quis
766 2498 906 2579 tribuat,
938 2506 979 2566 ut
1011 2500 1128 2567 orauit
1153 2500 1308 2587 populous
1321 2512 1446 2567 Nomai.

252 2602 424 2690 prophetet
446 2608 477 2669 ct
499 2602 553 2669 det
574 2601 623 2668 cie
645 2602 738 2667 Deos
766 2600 937 2687 spiritum
957 2604 1092 2670 ccum?
1136 2603 1183 2668 Et
1203 2585 1362 2690 Apes-²⁹·

255 2707 342 2772 tolus
375 2706 499 2794 gaudet
529 2707 564 2771 in
596 2705 660 2771 Dei
687 2704 965 2771 annuntiatione:
1020 2704 1100 2773 stae
1132 2705 1180 2771 ec't
1217 2726 1307 2773 occo·
1320 2736 1429 2802 mapp,
1442 2738 1459 2791 ἰ,

255 2808 348 2876 stoue
387 2807 455 2875 cive
491 2805 638 2874 veritate.
697 2806 879 2893 Corporum
920 2808 1034 2892 itaque
1071 2807 1183 2873 localis
1221 2808 1307 2874 divi·
1322 2807 1360 2854 ¹⁸·

255 2901 311 2977 aio,
335 2906 375 2965 ut
397 2898 587 2987 praemonui,
613 2897 754 2963 dolende
775 2918 844 2963 non
878 2902 937 2975 est,
967 2896 1045 2963 licet
1066 2899 1243 2985 praesentia
1264 2900 1310 2964 sit

252 3003 416 3087 jocunda;
454 3002 533 3087 quia
562 3022 733 3088 corporum
766 3000 879 3065 locatis
902 3000 1064 3065 distantia
1084 3022 1153 3065 non
1179 3009 1310 3089 separat

255 3106 297 3171 ab
327 3104 469 3171 invicem
499 3105 655 3181 hominm,
680 3108 714 3169 et
737 3104 884 3169 maxime
920 3104 1058 3169 caritate
1079 3109 1197 3169 mutua
1234 3126 1310 3171 con-

249 3208 383 3293 junctos
394 3210 429 3273 et
450 3206 486 3271 in
508 3228 612 3273 unum
626 3206 790 3272 conflatos.
837 3205 1104 3292 Homonamqne
1118 3207 1310 3293 simpliciter

255 3316 306 3377 cst
327 3310 424 3377 homo
450 3311 611 3391 interior-3
648 3310 735 3375 unde
771 3314 806 3375 et
828 3309 1001 3375 exterioris
1034 3309 1177 3375 hominis
1208 3312 1309 3397 porti·
1353 3360 1362 3371 ,

255 3414 316 3480 bus
347 3415 558 3496 detnmoatis,
591 3435 659 3479 non
694 3412 803 3479 minus
843 3418 993 3478 remanet
1034 3434 1121 3478 unns
1154 3418 1189 3479 et
1219 3414 1308 3479 idem

254 3520 358 3584 homo.
406 3517 563 3583 Manibus
593 3516 682 3582 onim
705 3516 785 3583 meis
817 3520 851 3583 et
881 3515 1020 3602 pedibus
1049 3516 1207 3595 abscissis,
1232 3538 1306 3582 ocu·

253 3623 359 3709 lisque
375 3620 485 3699 erutis,
503 3618 610 3685 adhuc
632 3640 709 3685 vero
732 3618 838 3685 dicere
861 3623 896 3684 et
918 3618 1033 3705 lingua
1054 3619 1208 3705 praescisa
1229 3640 1306 3685 vere

254 3728 396 3813 cogitare
419 3746 560 3812 possum,
586 3722 769 3810 quodsum
792 3722 964 3800 Robertus,
988 3726 1023 3787 et
1037 3722 1125 3809 quod
1147 3744 1221 3789 sum
1236 3743 1305 3811 ego,

253 3834 289 3895 et
311 3826 400 3915 quod
422 3826 478 3892 ille
504 3848 565 3913 ego
587 3846 661 3891 sum
682 3825 882 3905 tumcatus³,
907 3824 966 3910 qui
987 3824 1078 3912 prius
1099 3824 1149 3889 fui
1170 3826 1306 3912 integer.

253 3932 300 3997 Et
322 3932 362 3997 do
385 3930 436 3995 his
460 3950 599 4016 quorum
622 3949 755 4015 corpora
777 3932 856 3993 sunt
877 3928 1066 4007 incinerata,
1090 3927 1173 3993 dicit
1195 3927 1304 3994 Deus:

253 4034 325 4119 Epo
347 4052 428 4099 som
450 4032 544 4116 Deos
567 4030 753 4111 Abrohom,
771 4030 866 4097 Deos
889 4030 999 4110 Iecoc,
1022 4036 1053 4095 ct
1075 4030 1168 4097 Deua
1190 4029 1305 4112 Jacob,
1319 4046 1474 4099 Excutiet.

254 4135 319 4224 qut
341 4156 414 4203 ooo
445 4141 491 4201 cat
522 4134 615 4201 Deua
647 4140 872 4214 mortuorum,
896 4131 1191 4200 scommaticum·
1221 4134 1305 4199 Vere
1319 4138 1430 4219 &biatu

252 4241 355 4326 igitur
379 4238 501 4304 vivunt
535 4236 712 4317 Abrohom,
736 4236 836 4315 Isaac,
869 4241 904 4302 et
938 4236 1053 4315 Jacob,
1084 4236 1162 4303 licet
1193 4220 1382 4303 commun·
1396 4212 1463 4259 η’

254 4364 390 4430 corpora
412 4340 643 4435 incinerentur.
690 4338 799 4428 Igitur
823 4339 1003 4407 secundum
1033 4339 1225 4406 interiorem
1247 4339 1305 4406 ho·

643 4560 885 4569 ,-....—,...*
893 4558 1048 4567 ’,α-...μο-
1080 4560 1087 4565 .

286 4694 293 4724 ¹
313 4692 383 4760 taio]
402 4692 457 4755 heo,
468 4691 558 4745 cuo.
834 4692 1002 4760 ’mentm
1021 4690 1242 4754 truncur,0.0.0.,
1254 4690 1304 4744 Ox.

284 4772 403 4841 ²eontra]
421 4772 577 4836 cmc.c.c.‚
589 4773 639 4827 Ox.

1092 4855 1159 4917 aa
