3500 5784
490 836 556 901 400
811 852 958 902 sonsum
979 852 1209 903 omma

487 1024 523 1084 et
552 1021 738 1107 hujusmodi
760 1023 922 1111 plurima¹
962 1028 998 1093 in
1021 1027 1201 1115 Scriptura
1224 1048 1300 1115 quse
1320 1027 1393 1095 luoe
1414 1028 1542 1094 elarius

487 1124 699 1191 manifestant
720 1128 927 1215 operationes
948 1130 1077 1217 pondus
1098 1130 1188 1195 vocis
1209 1129 1366 1195 obtinere
1422 1130 1542 1218 Igitur

486 1226 653 1314 opiscopus
684 1227 741 1313 qui
771 1231 970 1296 constitutus
1003 1237 1054 1297 est
1086 1230 1269 1319 speculator
1301 1254 1399 1319 super
1426 1237 1541 1299 toturn

415 1354 419 1361 ·
487 1326 653 1395 dioeoesim
677 1352 771 1396 suam
793 1353 868 1397 oum
892 1331 1011 1398 debeat
1039 1355 1082 1399 sx
1104 1332 1316 1419 speculatoris
1337 1332 1442 1399 officio
1466 1356 1541 1400 non

485 1431 671 1518 seniipleno,
694 1433 751 1498 sed
766 1433 965 1520 plenissimo,
987 1435 1099 1499 sonitu
1120 1434 1268 1500 buooinae
1289 1456 1410 1515 omnes,
1433 1457 1540 1524 supra

485 1553 566 1619 quos
588 1535 789 1601 constitutus
810 1540 860 1601 est
882 1536 1067 1623 speurlator
1103 1543 1219 1603 oontra
1248 1538 1539 1625 supervenientem

484 1633 631 1721 gladium
649 1637 845 1725 praemunire
860 1643 895 1703 st
910 1638 1058 1719 munirs;
1071 1660 1199 1705 necesse
1213 1639 1314 1705 habet
1328 1642 1365 1704 in
1379 1640 1538 1707 omnibus

485 1738 581 1825 pleno
598 1738 673 1825 jure
697 1740 880 1807 dioeossano
905 1741 970 1807 sibi
996 1742 1159 1828 subjectis,
1185 1743 1247 1808 hoo
1271 1750 1330 1821 est,
1345 1744 1537 1831 Apostolioo

484 1841 657 1929 privilegio
688 1864 757 1908 non
786 1843 956 1931 exemptis,
988 1843 1129 1909 officium
1158 1844 1370 1925 visitationis,
1405 1867 1534 1911 oorreo-

484 1945 593 2024 tionis,
618 1950 652 2010 et
672 1945 914 2011 reformationis
946 1968 1102 2026 exercere,
1134 1968 1176 2012 ne
1209 1947 1370 2012 siminus
1399 1948 1438 2013 in
1468 1948 1534 2014 hoc

484 2046 674 2134 expleverit,
697 2048 831 2135 plenum
844 2048 992 2115 bucoinae
1014 2049 1159 2115 sonitum
1182 2071 1250 2115 non
1274 2049 1411 2131 dederit,
1433 2056 1469 2116 et
1483 2051 1534 2115 sio

484 2156 613 2215 reatum
636 2148 806 2237 sanguinis
828 2149 983 2216 incurrat

529 2250 644 2317 Solent
682 2252 783 2317 etiam
820 2252 1038 2339 speculatoroe
1074 2252 1233 2317 eonstitui
1268 2252 1307 2316 in
1342 2252 1449 2318 vineis
1485 2254 1531 2319 ad

485 2354 657 2421 vinearum
679 2355 868 2433 custodiam,
893 2376 952 2442 per
965 2376 1047 2441 quos
1068 2354 1170 2419 etiam
1192 2358 1227 2419 et
1241 2361 1383 2421 rectores
1403 2356 1530 2421 auima-

315 2452 364 2507 lu.
378 2458 439 2508 ⁷·7·
484 2479 559 2523 rum
596 2458 833 2545 designantur;
870 2456 972 2523 cisoa
1008 2456 1104 2522 enim
1139 2455 1285 2521 Domini
1321 2456 1531 2523 mroitum

316 2564 466 2617 wsohmen
485 2560 605 2627 dama
626 2560 738 2626 Imosl
760 2566 814 2639 aet,
838 2559 873 2626 id
896 2564 955 2637 sst,
978 2559 1120 2637 eeclesia,
1144 2580 1218 2645 quae
1240 2580 1299 2645 per
1319 2560 1419 2625 fidem
1436 2562 1530 2626 videt

315 2632 439 2763 m„
485 2662 603 2730 Deum.
661 2662 769 2744 Quare
791 2666 825 2727 et
841 2722 842 2727 ,
858 2667 998 2727 rectores
1020 2662 1090 2747 ejus
1112 2660 1270 2728 custodiae
1292 2667 1327 2727 et
1348 2662 1529 2751 provisioni

314 2765 451 2881 ἕῖᾚὲξὼ
484 2766 600 2833 salutis
637 2766 707 2853 ejus
745 2764 904 2852 deputati,
942 2765 1045 2851 ipsius
1081 2768 1160 2830 sunt
1196 2763 1421 2851 speurlstorss
1467 2766 1529 2832 Est

315 2846 460 2963 &wiza
484 2874 595 2934 autem
617 2890 686 2933 una
707 2866 854 2933 dioeoesis
878 2867 964 2933 mont
994 2887 1062 2931 una
1083 2866 1189 2944 vinea
1221 2866 1314 2953 eujus
1346 2868 1530 2955 speculator

483 2970 630 3057 superior
651 2974 701 3035 est
724 2968 899 3056 episeopus.
946 2968 1101 3034 Rectores
1125 2972 1238 3033 autem
1259 2970 1444 3035 animarum
1464 2970 1528 3034 sub

482 3094 517 3137 se
539 3071 722 3151 constituti,
746 3070 895 3155 adjuncti
917 3070 982 3135 sibi
996 3070 1033 3134 in
1054 3068 1317 3135 administerium
1339 3072 1392 3136 sui
1412 3071 1526 3137 minis-

481 3174 565 3253 terii,
601 3173 722 3261 singuli
759 3178 838 3239 sunt
875 3173 960 3239 siout
996 3172 1212 3259 speculatores
1248 3194 1347 3260 supra
1381 3173 1526 3260 singulas

480 3278 586 3344 vineoe
618 3281 728 3365 partes
765 3276 809 3341 sd
846 3274 1079 3363 speculandum
1116 3274 1243 3340 statuti.
1299 3274 1378 3363 Ipsa
1413 3283 1524 3343 autem

480 3384 626 3465 potestas
649 3378 818 3466 regiminis
850 3382 886 3443 et
918 3375 1149 3463 speculstionis
1171 3376 1335 3442 ordinm'ia
1366 3383 1525 3466 tanquam

479 3482 609 3566 specula
631 3486 682 3546 est
703 3481 740 3545 in
761 3480 859 3546 vinea
881 3482 1008 3559 ereots;
1030 3484 1065 3544 et
1086 3478 1162 3543 lioet
1192 3478 1262 3544 sint
1294 3479 1392 3544 multi
1413 3503 1525 3568 specu·

477 3582 609 3663 latores,
631 3588 710 3647 sunt
742 3586 854 3647 tamen
890 3602 1001 3646 omnes
1033 3580 1070 3645 in
1100 3581 1207 3666 capite
1238 3602 1297 3647 suo
1323 3581 1479 3668 episcopo,
1501 3606 1523 3647 a

477 3705 542 3770 quo
588 3684 750 3771 recipiunt
799 3682 1029 3771 speculationis
1065 3686 1271 3769 potestatem,
1309 3682 1401 3748 velut
1436 3706 1523 3749 unus

477 3786 670 3873 speculator,
694 3790 728 3851 et
750 3786 799 3851 ita
821 3806 935 3851 omnes
957 3784 1095 3871 speculae
1117 3789 1275 3870 tanquam
1297 3784 1427 3871 specula
1447 3809 1521 3852 una

479 3888 644 3953 Ponamus
665 3888 777 3973 itaque
799 3887 836 3953 iu
857 3909 924 3951 una
937 3886 1036 3951 vinea
1057 3886 1220 3973 speculam
1243 3908 1344 3951 unam
1359 3910 1519 3977 magnam,

477 4012 550 4077 quie
584 3990 742 4056 formetur
775 3990 861 4055 siout
893 3989 1041 4076 pyramis
1077 3988 1225 4068 laterata,
1256 3988 1381 4055 habens
1421 3992 1520 4056 etiam

476 4092 655 4181 superiores
675 4096 709 4158 et
730 4091 900 4157 inferiores
915 4090 1151 4171 distinctiones,
1165 4090 1203 4155 in
1217 4091 1337 4176 quibus
1357 4092 1521 4159 resideant

475 4194 623 4284 superius
645 4200 679 4261 et
701 4192 837 4259 inferius
870 4194 1094 4280 speculatores,
1117 4214 1185 4257 uno
1215 4194 1417 4280 spermatore
1447 4216 1521 4261 oon·

473 4298 594 4365 stituto
615 4298 650 4363 in
674 4318 802 4363 summo
822 4296 865 4362 ad
887 4295 1142 4383 speculationem
1157 4299 1192 4361 et
1213 4295 1397 4362 custodiam
1417 4299 1520 4363 totius

475 4400 581 4467 vineae
593 4424 602 4481 ;
639 4398 713 4465 aliis
750 4402 862 4465 autom
899 4398 936 4463 in
973 4398 1110 4463 diversis
1147 4396 1306 4464 lateribus
1341 4399 1520 4486 pyramidis

821 4702 830 4748 ἰ
844 4712 967 4782 pase]
985 4728 1034 4765 om.
1052 4714 1142 4769 coc.
