3500 5784
660 943 840 996 mrsromr.
1231 933 1274 1004 67

226 1115 326 1182 cretio
355 1140 423 1184 non
444 1119 519 1184 vult
550 1117 677 1204 aliquid
698 1139 836 1204 peccare,
859 1139 920 1184 nec
951 1119 1077 1207 agendo
1108 1141 1169 1186 nec
1199 1141 1273 1186 con·

226 1220 405 1300 sentiendo
429 1219 594 1287 vestram¹
633 1220 785 1286 dilectam
832 1220 869 1286 in
915 1221 1059 1287 Domino
1103 1244 1274 1288 exoramus

110 1339 113 1344 ·
225 1323 416 1410 suppliciter
448 1322 697 1411 benignitatem,
721 1323 877 1412 quatinus
899 1325 1025 1391 intuitu
1047 1325 1071 1390 J
1073 1346 1130 1391 esu
1152 1321 1276 1392 christi

122 1503 126 1510 .
227 1426 285 1510 qui
318 1428 476 1514 sanguine
510 1449 569 1492 suo
602 1426 769 1494 ecclesiam
801 1427 941 1494 redemit
974 1433 1009 1494 et
1042 1429 1205 1508 liberavit,
1233 1431 1276 1496 ad

226 1527 455 1620 liberationem
485 1531 603 1598 animae
626 1535 747 1598 nostras
785 1535 820 1598 et
857 1536 976 1600 vestrae
1022 1537 1057 1598 et
1094 1533 1275 1600 multarum

226 1629 372 1710 aliarum,
396 1633 668 1722 praenominatam
690 1633 856 1700 ecclesiam
880 1633 921 1700 ds
953 1639 1071 1704 caetero
1100 1656 1169 1704 non
1191 1635 1277 1701 detis

226 1733 268 1800 ad
291 1735 439 1818 firmam3
476 1735 613 1806 scituri²
642 1736 730 1826 quod
761 1738 789 1802 si
822 1738 858 1802 in
888 1737 950 1805 hac
978 1742 1072 1828 parte
1095 1737 1136 1804 de
1158 1743 1277 1805 caetero

226 1837 442 1925 perniciosum
471 1839 544 1906 aliis
574 1839 731 1906 dederitis
759 1838 954 1926 exemplum,
987 1839 1164 1908 secundum
1201 1861 1276 1928 pro·

225 1939 393 2007 bationsm
415 1942 505 2008 beati
528 1941 709 2030 Augustini
742 1941 779 2006 in
811 1941 898 2007 libro
927 1941 968 2007 de
991 1941 1191 2022 Pastoribus,
1221 1947 1275 2009 tot
1286 1969 1311 2006 r.
1323 1970 1347 2020 p.
1360 1961 1398 2008 51.

227 2044 387 2110 mortibus
420 2044 512 2111 eritis
545 2044 604 2127 rei,
626 2054 708 2131 quot
741 2049 839 2110 erunt
872 2046 1058 2132 cognitores
1087 2045 1187 2131 hujus
1220 2068 1277 2111 ex-

226 2147 326 2234 empli
356 2148 468 2214 vestri.
514 2147 588 2214 Hoc
620 2147 754 2234 insuper
787 2151 907 2214 vestras
949 2147 1133 2219 dilectionis
1159 2149 1277 2216 discre-

225 2250 350 2318 tionem
372 2249 545 2318 volumus³
567 2273 635 2318 non
666 2249 777 2332 latere,
812 2249 901 2336 quod
934 2252 1042 2339 parati
1075 2274 1188 2320 sumus
1233 2252 1277 2320 ad

227 2353 383 2441 obsequia
405 2358 514 2422 vestra
545 2353 684 2422 dulciter
715 2357 749 2418 et
781 2352 953 2420 efficaciter
983 2355 1215 2442 prosequenda
1239 2356 1276 2424 in

227 2461 388 2544 quantum
421 2479 592 2546 possumus
624 2458 695 2524 sine
729 2457 883 2524 veritatis
915 2456 1007 2524 vice⁴
1040 2457 1184 2538 offensa3
1217 2458 1276 2526 sed

227 2565 518 2648 quantumcunque
549 2560 644 2626 nobis
684 2560 757 2626 sitis
801 2559 906 2641 amici,
939 2581 1065 2648 semper
1106 2581 1167 2647 per
1212 2560 1278 2628 Dei

227 2663 367 2752 gratiam
390 2662 525 2730 amicior
554 2662 648 2728 nobis
671 2663 736 2728 erit
757 2661 891 2743 veritas,
914 2661 1003 2748 quod
1025 2670 1061 2730 et
1082 2685 1141 2730 vos
1164 2664 1276 2744 vultis,

228 2767 285 2854 qui
308 2767 483 2832 veritatem
516 2766 679 2832 vobismet
712 2765 791 2852 ipsis
825 2766 900 2852 plus
931 2765 1077 2852 diligitis.
1122 2766 1177 2833 Ad
1207 2766 1277 2834 haec

227 2869 357 2957 scripsit
379 2869 475 2934 nobis
496 2867 672 2957 praedietus
696 2866 847 2934 dominus
881 2867 1017 2935 Boetius
1051 2869 1088 2936 in
1108 2869 1277 2956 praedictis

227 2973 330 3040 literis
352 2971 429 3051 suis,
452 2972 576 3038 multos
597 2971 711 3038 mirari
743 2992 780 3036 so
812 2970 900 3057 quod
930 2969 1029 3036 dictae
1059 2971 1200 3038 ecclesiae
1222 2973 1278 3036 fir·

228 3098 314 3142 mam
351 3075 585 3152 revocavimus,
624 3095 683 3160 pro
720 3076 841 3138 nostres
874 3070 930 3160 (ut
967 3070 1066 3161 dicit)
1092 3073 1277 3140 voluntatis

227 3179 370 3246 arbitrio.
424 3177 590 3263 Adjunxit
613 3176 713 3242 etiam
736 3197 794 3262 per
824 3173 1081 3242 insinuationem
1119 3176 1276 3263 quasdam

227 3282 342 3364 minas,
358 3281 401 3346 ad
416 3277 519 3368 quas⁶
540 3278 686 3346 breviter
706 3277 948 3366 respondemus,
965 3278 1053 3364 quod
1075 3279 1140 3344 nisi
1162 3278 1275 3364 hujus·

227 3385 316 3452 modi
346 3384 458 3450 firmes
480 3403 714 3462 revocaremus,
737 3379 843 3448 multo
876 3379 987 3467 plures
1020 3379 1275 3461 admirarentur,

228 3509 339 3554 omnes
365 3487 519 3554 videlicet
541 3485 578 3550 in
600 3483 742 3562 excelsis,
766 3483 853 3550 cives
885 3483 1029 3549 cselestes
1060 3484 1152 3552 etin
1180 3484 1276 3549 tem's

228 3592 374 3658 homines
397 3591 493 3658 boma
508 3589 698 3656 voluntatis.
744 3585 816 3654 Nec
833 3586 896 3654 hoc
917 3585 1053 3652 fecimus
1075 3608 1135 3674 pro
1157 3586 1275 3654 volun-

228 3695 308 3762 tatis
334 3692 483 3772 arbitrio,
508 3693 565 3759 sed
596 3691 698 3758 ductu
729 3689 869 3758 rationis
900 3711 941 3754 ex
969 3688 1109 3758 Consilii
1141 3693 1276 3757 statuto.

228 3799 298 3864 Nec
319 3797 482 3876 timemus,
498 3795 678 3882 adjuvante
701 3793 764 3860 Illo
780 3794 838 3879 qui
860 3814 921 3860 nos
942 3792 1004 3860 hoc
1026 3793 1145 3872 docuit,
1169 3793 1276 3860 minas

229 3901 407 3978 hominum,
431 3920 570 3986 quorum
592 3901 642 3964 est
665 3901 811 3984 potestas
845 3895 992 3962 maxima
1024 3917 1139 3984 corpus
1170 3895 1275 3964 solum

228 4004 378 4083 cocidere,
395 4003 453 4068 sed
473 4002 574 4069 Illum
589 4003 722 4068 tantum
738 3998 800 4089 qui
812 4004 919 4088 potest
934 4005 1101 4086 corporet
1115 3997 1432 4070 cammenata.

228 4107 358 4176 crttterc
379 4105 423 4175 ia
443 4103 638 4191 pelicanum.
1289 4091 1328 4136 2⁸.

263 4513 273 4540 ²
289 4509 398 4574 sciturrsl'
408 4509 505 4570 scitote,
514 4507 566 4558 Sic.

262 4593 271 4620 ²
288 4587 406 4656 volumus]
424 4589 539 4649 nolimus,
550 4586 600 4638 Ox.
