3500 5784
431 830 494 891 150
749 841 896 892 nossarr
920 842 1149 895 oaossmnsra

427 1038 556 1083 necesse
590 1018 800 1103 prudentiam
836 1023 930 1083 tuam
968 1018 1137 1095 instruere,
1171 1042 1253 1098 oum,
1291 1020 1473 1108 adjuvante

429 1120 551 1186 Christi
573 1121 688 1206 gratia,
712 1142 778 1185 non
802 1120 847 1185 sis
877 1120 960 1186 talia
982 1120 1135 1188 factunm.
1181 1124 1259 1188 Non
1281 1125 1379 1203 enim,
1397 1123 1473 1210 Ipso

426 1229 461 1287 te
484 1223 655 1309 dirigente,
679 1224 875 1309 sapientiam
901 1224 1034 1302 deseres,
1058 1226 1115 1289 scd
1139 1225 1352 1311 multiplicius
1374 1248 1473 1311 quam

426 1327 461 1389 in
476 1326 594 1391 scholis
615 1324 810 1410 sapientiam
833 1324 982 1391 invenies
1000 1332 1035 1392 et
1056 1326 1244 1407 exercebis¹3
1265 1350 1326 1393 nec
1349 1328 1475 1393 divitiis

426 1448 512 1494 curae
549 1428 690 1513 spiritali
736 1430 876 1493 annexis
913 1452 971 1495 seu
1008 1430 1229 1516 dignitatibus
1274 1431 1474 1495 transitoriis

426 1552 536 1595 amore
559 1530 674 1595 illicito
697 1531 887 1597 adhaerebis.
933 1534 1033 1598 Absit
1056 1534 1143 1598 enim
1167 1538 1206 1597 ut
1228 1534 1347 1614 anima,
1372 1555 1471 1619 quam

428 1633 596 1698 decoravit
636 1633 696 1696 lux
733 1634 910 1719 sapientiae,
949 1636 1157 1721 amplexetur
1194 1641 1343 1702 stercora.
1405 1636 1475 1701 Nec

428 1736 522 1822 argui
553 1735 674 1822 poteris
705 1736 897 1821 cupiditatis
928 1744 987 1802 aut
1018 1738 1218 1820 ambitionis,
1252 1740 1280 1803 si
1314 1738 1476 1825 spiritalia

426 1838 572 1915 assumis,
596 1837 734 1903 annexis
755 1838 851 1903 bonis
873 1840 1128 1926 temporalibus3
1154 1841 1212 1906 sed
1241 1841 1335 1928 argui
1357 1862 1474 1927 posses,

427 1941 455 2004 si
477 1938 672 2026 temporalia
694 1962 872 2006 assumeres
895 1944 988 2027 quasi
1010 1943 1210 2029 principalia,
1234 1950 1269 2009 et
1301 1944 1393 2029 quasi
1428 1943 1474 2009 eis

427 2044 646 2129 dependenter
668 2043 918 2108 adnecterentur
940 2045 1027 2109 bona
1045 2045 1212 2131 spiritalia.
1245 2047 1341 2112 Hanc
1363 2048 1474 2111 tamen

426 2145 690 2231 redargutionem
721 2146 831 2210 nullus
854 2151 962 2231 potest
996 2146 1108 2223 facere,
1133 2149 1197 2213 nisi
1219 2149 1307 2213 solus
1331 2148 1392 2212 Ille
1416 2148 1473 2233 qui

259 2244 380 2363 91300011·
426 2270 551 2313 renum
573 2255 604 2313 et
636 2247 795 2313 cordiam
827 2256 873 2313 est
904 2257 1135 2333 perscrutator
1146 2276 1159 2329 ,·
1190 2251 1268 2337 quia
1305 2250 1367 2315 Ille
1389 2249 1475 2315 solus

292 2351 300 2364 ⁰
425 2352 520 2415 novit
557 2372 623 2436 qua
659 2351 841 2416 intentione
879 2352 960 2415 talia
997 2352 1227 2438 sincipiuntur.
1289 2354 1326 2419 Si
1363 2358 1475 2418 tamen

426 2454 583 2537 antiquus
604 2453 716 2529 hostis,
734 2452 926 2518 aemulorum
949 2455 1137 2533 ministerio,
1162 2455 1348 2541 hujusmodi
1366 2455 1476 2540 jacula

421 2556 546 2641 jaculet
583 2556 618 2619 in
657 2560 700 2634 te,
739 2556 768 2619 si
805 2578 885 2641 opus
909 2557 974 2621 Dei
1004 2556 1047 2621 ad
1071 2558 1158 2642 quod
1194 2558 1327 2634 vocaris,
1366 2558 1473 2636 facias,

421 2657 582 2743 jaculabit
611 2659 726 2744 utique
757 2678 824 2722 non
856 2658 966 2723 minus
989 2665 1087 2724 acuta
1108 2682 1150 2724 ex
1183 2664 1278 2745 parte
1310 2660 1414 2725 altera
1445 2660 1475 2724 si

425 2761 511 2826 idem
549 2784 616 2825 non
653 2760 752 2825 iacias
764 2784 773 2839 ;
810 2760 1006 2826 clamabitur
1043 2762 1131 2825 enim
1168 2762 1208 2827 de
1245 2768 1279 2827 te
1310 2762 1398 2848 quod
1432 2784 1475 2827 ex

425 2864 575 2951 appetitu
608 2864 716 2928 inanis
738 2864 851 2949 glorias
885 2868 980 2929 tanta
1011 2865 1099 2929 bona
1130 2869 1262 2951 tamque
1296 2870 1410 2930 sancta
1440 2870 1474 2931 et

259 2976 412 3041 Epauls.
425 2965 505 3043 Deo,
530 2971 661 3052 accepto
682 2967 906 3051 imprudenter
937 2972 972 3031 et
994 2967 1095 3033 stulte
1118 2968 1328 3053 dereliquisti
1374 2968 1475 3034 Scato

425 3069 527 3154 igitur
548 3068 640 3151 fidei
661 3068 807 3153 undique
838 3068 995 3148 munitus,
1024 3070 1134 3154 jacula
1156 3070 1280 3135 inimici
1311 3070 1476 3157 sapienter

425 3170 617 3256 fortiterque
650 3170 794 3256 repellas,
819 3170 989 3256 solumque
1012 3170 1076 3235 Dei
1098 3172 1253 3237 honorem
1284 3194 1322 3237 ac
1352 3174 1475 3237 anima-

425 3295 500 3337 rum
527 3273 666 3337 salutem
700 3273 876 3358 respiciens
907 3278 946 3337 ut
979 3273 1085 3351 facias,
1116 3274 1236 3361 jugum
1270 3276 1377 3340 oneris
1410 3276 1476 3341 tibi

425 3375 571 3461 impositi
603 3374 773 3438 humiliter
800 3375 925 3454 subeas,
960 3376 1097 3455 sortiter,
1132 3382 1166 3441 et
1200 3378 1345 3456 discrete,
1369 3400 1476 3464 perse-

426 3482 642 3561 veranterque
683 3477 802 3554 trahas,
849 3498 932 3557 cum,
972 3478 1100 3542 etiamsi
1143 3479 1276 3563 juberet
1313 3480 1476 3546 Dominus

427 3585 718 3667 quantumcunque
744 3580 832 3657 vilia,
857 3587 1148 3666 quantumcunque
1172 3582 1337 3667 probrosa,
1373 3605 1475 3668 quan-

427 3688 627 3767 tumcunque
653 3682 768 3768 gravia
797 3687 832 3746 et
863 3704 1007 3762 onerosa,
1031 3689 1223 3770 supportare
1246 3684 1378 3751 deberes
1407 3684 1476 3751 ala·

427 3786 532 3862 ariter,
556 3806 623 3849 non
646 3785 750 3849 solum
776 3784 901 3848 scholas
935 3786 1137 3872 honoresque
1171 3788 1383 3867 scholasticos,
1418 3792 1475 3855 sed

428 3888 529 3953 etiam
552 3909 681 3952 omnem
705 3887 804 3971 hujus
825 3888 907 3953 vitae
939 3889 1185 3967 sublimitatem,
1209 3893 1417 3974 suavitatem,
1441 3900 1475 3961 et

424 3991 666 4076 jocunditatem
688 3990 818 4053 fortiter
841 3991 1040 4073 deserend03
1063 4014 1250 4079 caveasque,
1283 4018 1411 4061 oramus
1442 4002 1475 4062 te

429 4099 464 4159 et
515 4094 704 4177 adjuramus
748 4114 806 4177 per
851 4092 1055 4159 Salvatorem
1100 4102 1249 4161 nostrum
1294 4098 1474 4163 Dominum

429 4194 545 4260 desum
561 4195 736 4273 Christum,
760 4216 803 4258 ne
824 4200 939 4259 nostra
961 4197 1001 4261 de
1023 4202 1057 4261 te
1079 4204 1234 4285 concepta
1255 4220 1315 4264 nos
1329 4222 1474 4287 unquam

428 4298 522 4363 fallat
544 4296 663 4383 opinio,
686 4316 728 4361 ne
761 4297 861 4382 (quod
894 4296 996 4386 absit)
1026 4304 1066 4363 tu
1099 4302 1255 4386 reprobus
1288 4303 1332 4367 sis
1366 4326 1474 4371 eoram

430 4400 510 4481 Deo,
534 4404 569 4465 et
594 4421 653 4464 nos
676 4421 781 4464 eoram
804 4398 990 4466 hominibus
1013 4402 1054 4466 de
1076 4407 1110 4467 te
1133 4404 1388 4487 contrudamur;
1418 4409 1474 4474 sed

260 4512 387 4632 {313an
430 4502 649 4569 ministerium
672 4501 737 4567 tibi
767 4501 930 4567 traditum
965 4502 1011 4567 sio
1043 4506 1213 4592 compleas,
1246 4512 1387 4593 etopus
1407 4510 1475 4577 Dea'

463 4740 471 4770 ¹
488 4747 512 4787 et
521 4736 654 4803 amuis]
667 4736 707 4787 for
717 4736 768 4787 this
776 4736 866 4788 (20.st
875 4737 926 4787 and
973 4739 1041 4788 umor
1051 4738 1153 4789 Denta
1160 4756 1228 4804 quem
1238 4740 1394 4807 mamphulas
1404 4762 1473 4796 mr.

431 4816 479 4867 Οκ
506 4818 566 4867 read
591 4816 652 4868 Cum
678 4817 794 4883 nuptm
812 4818 847 4866 ait
863 4816 928 4882 quod
971 4817 1427 4889 cecoquaaaatduatsapsaus.
