3500 5784
446 849 488 915 24
773 861 921 916 nossem
944 866 1175 917 cuossrrrsrr

444 1035 527 1101 mihi
549 1038 703 1103 voluntas
726 1042 760 1105 et
782 1040 986 1127 propositum
1009 1046 1050 1106 ut
1072 1040 1217 1120 luerunt,
1240 1038 1319 1104 licet
1347 1036 1391 1102 ad
1417 1042 1501 1103 tem·

444 1138 533 1225 poris
576 1142 861 1227 opportunitatem
907 1142 1080 1208 differatur
1122 1138 1217 1208 actus
1261 1139 1422 1228 propositi
1466 1142 1502 1203 et

444 1240 604 1320 executio,
627 1243 692 1307 scio
716 1244 804 1328 quod
826 1255 947 1311 vestroe
978 1243 1184 1310 discretionis
1213 1242 1375 1308 benevola
1396 1240 1500 1305 inter·

443 1343 586 1428 pretatio
609 1343 802 1411 diletionem
825 1368 932 1413 meam
952 1346 1019 1412 leri
1041 1346 1190 1411 levitatis
1212 1350 1248 1411 et
1269 1342 1500 1411 inconstantius

444 1445 621 1511 mutationi
643 1466 711 1512 non
733 1447 911 1534 reputabit
957 1448 1055 1529 Quod
1078 1450 1107 1513 si
1138 1448 1267 1535 aliquis,
1289 1444 1501 1512 manentibus

444 1546 558 1611 eodem
587 1547 726 1614 honesto
749 1550 918 1637 proposito
950 1554 985 1615 et
1007 1550 1121 1616 eadem
1143 1550 1263 1637 agendi
1285 1548 1425 1628 ratione,
1446 1533 1500 1611 itc-

443 1653 540 1713 tuum
572 1648 765 1716 dilationem
788 1651 842 1717 vel
878 1652 979 1717 etiam
1011 1674 1071 1740 pro
1105 1652 1299 1718 diversitate
1328 1671 1499 1716 causarum

445 1756 505 1817 aut
527 1754 713 1839 temporum
736 1758 795 1819 aut
817 1752 958 1819 aliarum
978 1756 1299 1822 circumstantiarum
1320 1757 1501 1818 commuta·

446 1851 571 1919 tionem
594 1858 690 1940 putet
713 1876 781 1921 esse
804 1856 954 1922 levitatis
977 1862 1012 1923 et
1034 1856 1265 1924 inconstantiae
1287 1854 1499 1921 convertibile

445 1955 585 2042 signum,
623 1958 804 2044 respondeo
849 1958 880 2024 ei
918 1981 978 2046 per
1017 1959 1088 2027 haec
1124 1959 1227 2025 verba
1264 1958 1353 2024 beati
1394 1956 1499 2043 patris

445 2058 628 2146 Augustini
652 2060 844 2147 subscripta,
873 2084 947 2147 quse
970 2060 1048 2128 licet
1074 2062 1200 2149 prolixe
1222 2082 1404 2127 sermonem
1427 2057 1499 2145 jam

444 2160 678 2246 protenderim‚
711 2167 832 2229 vestrae
866 2163 1040 2250 patientiae
1071 2165 1115 2229 ad
1145 2163 1320 2251 legendum
1341 2183 1410 2227 non
1431 2160 1500 2225 sint

276 2268 386 2385 {fluu-
445 2260 587 2328 taediosa
643 2264 705 2328 Ait
739 2263 827 2329 enim
861 2263 899 2329 in
932 2266 1076 2351 quadam
1109 2265 1249 2353 epistola
1290 2286 1349 2329 sua
1386 2269 1501 2328 contra

277 2340 424 2519 llll
444 2364 1499 2557 w

447 2576 464 2605 “
487 2569 560 2655 ipsa
581 2574 703 2636 natura
725 2574 760 2636 et
783 2591 884 2659 opera
897 2572 1044 2637 humana
1057 2577 1148 2639 certa
1161 2572 1290 2639 ratione
1304 2574 1477 2636 mutantur
1491 2593 1500 2647 ;

446 2679 463 2705 “
485 2692 547 2737 neo
576 2676 690 2739 tumen
713 2672 828 2738 eadem
850 2673 937 2739 ratio
959 2679 1009 2739 est
1031 2674 1211 2754 mutabilis,
1235 2695 1302 2760 qua
1332 2672 1397 2739 iste
1427 2693 1499 2736 mu·

446 2780 463 2809 “
488 2778 613 2841 tantur.
652 2774 730 2842 Non
746 2780 857 2841 autem
881 2776 1007 2862 opinor,
1029 2798 1104 2843 cum
1118 2776 1263 2864 agricola
1276 2779 1393 2841 astate
1407 2773 1499 2838 aliud

444 2875 602 2943 “inserit
628 2898 727 2963 quam
752 2875 892 2943 inserut¹
921 2877 1036 2957 hieme,
1060 2878 1165 2945 ratio'
1189 2882 1341 2944 mutatur
1360 2872 1500 2965 agricul-

444 2984 462 3012 “
485 2982 591 3057 turae3
617 2984 653 3043 et
675 2998 750 3043 cum
773 3000 869 3045 mane
892 2980 1000 3068 surgit
1014 2980 1073 3066 qui
1095 2986 1191 3047 nocte
1206 2978 1403 3067 quiescebat,
1418 2978 1498 3043 vitae

444 3078 659 3144 “consilium
690 3102 758 3146 non
785 3083 940 3148 mutavit
985 3083 1089 3149 Aliud
1111 3084 1268 3171 magister
1290 3078 1496 3157 adolescenti,

445 3187 463 3214 “
486 3202 586 3265 quam
616 3202 719 3267 puero
742 3182 877 3263 solebat,
905 3184 1087 3272 imposuit3
1119 3185 1269 3252 doctrina
1289 3185 1394 3272 igitur
1424 3204 1499 3248 con·

443 3286 576 3347 “stans
606 3286 736 3349 mutato
769 3290 934 3373 prrecepto
964 3308 1034 3353 non
1059 3292 1217 3353 mutatur.
1273 3286 1414 3375 Magnus
1443 3284 1499 3349 ille

444 3390 462 3419 ‘¹
484 3389 672 3450 nostrorum
694 3392 882 3473 temporum
903 3388 1060 3470 medicus,
1075 3390 1310 3470 Vindiciamus,
1332 3386 1499 3454 consultus

453 3493 462 3521 ‘
484 3486 670 3573 aquodam,
687 3488 792 3554 dolori
815 3491 886 3576 ejus
900 3491 1050 3558 adhiberi
1066 3492 1169 3578 jussit
1183 3492 1272 3579 quod
1293 3492 1330 3556 in
1351 3496 1498 3578 tempore

443 3596 462 3625 “
486 3610 663 3675 congruere
685 3590 871 3673 videbatur,
888 3592 1076 3661 adhibitum
1098 3595 1224 3661 sanitas
1246 3598 1419 3660 consecuta
1440 3597 1498 3657 est.

443 3690 614 3757 “Deinde
644 3697 720 3778 post
753 3693 881 3781 aliquot
917 3717 1021 3762 annos
1058 3697 1173 3764 eadem
1209 3719 1323 3763 rursus
1356 3694 1499 3783 corporis

444 3803 461 3831 “
484 3814 583 3860 causa
604 3799 768 3861 commota
790 3801 861 3878 est;
885 3798 945 3864 hoc
978 3798 1067 3864 idem
1088 3799 1144 3866 ille
1174 3798 1309 3887 putavit
1342 3798 1498 3864 adhiben-

442 3902 461 3933 “
485 3896 566 3962 dum
578 3920 587 3978 ;
609 3896 729 3963 vertit³
751 3898 788 3964 in
811 3900 925 3987 pejus,
947 3900 1086 3969 miratus
1109 3904 1247 3970 recum't
1268 3902 1310 3967 ad
1326 3902 1497 3979 medicum,

443 4006 461 4037 “
484 3998 609 4065 indicet
624 4000 764 4083 factum
779 4002 947 4082 stillent
962 4010 1034 4072 erat
1048 4006 1231 4085 nocuimus,
1247 4005 1299 4071 ita
1313 4004 1498 4092 respdndit:

443 4108 463 4140 “
487 4099 587 4167 ‘Ideo
610 4102 696 4169 mule
718 4110 871 4192 acceptus
893 4128 936 4184 es,
954 4106 1034 4193 quia
1047 4130 1108 4194 ego
1129 4130 1198 4175 non
1214 4107 1309 4194 jussi,
1326 4113 1365 4173 ut
1386 4130 1500 4179 omnes

443 4211 461 4239 “
486 4203 564 4290 ‘qui
585 4204 766 4287 audissent,
786 4228 970 4295 parumque
991 4209 1159 4277 homiuem
1181 4216 1324 4293 nossent,
1339 4232 1407 4277 non
1422 4236 1498 4281 eum

441 4314 461 4342 “
486 4310 577 4371 ‘arte
592 4305 779 4373 medicinali
793 4310 902 4392 fidere,
917 4310 976 4379 sed
998 4312 1107 4380 nescio
1130 4335 1195 4400 qua
1209 4313 1326 4380 illicita
1347 4317 1499 4402 potentia

476 4621 483 4653 ¹
499 4623 564 4674 Μ
565 4622 586 4673 ll
601 4658 607 4675 ·
626 4658 633 4674 ·
651 4622 756 4689 imm]
788 4622 894 4688 luserit
911 4663 917 4677 .
936 4663 943 4678 .
1028 4629 1133 4698 'rutioJ
1151 4646 1210 4695 non,
1223 4632 1322 4697 ΟΜ,
1333 4633 1384 4686 Ox.

436 4701 553 4769 jusserat,
566 4704 763 4770 Sid,Ox.‚snd
776 4706 886 4776 roAug.
920 4708 946 4761 It
1029 4762 1039 4797 2
1112 4767 1118 4779 ,
1218 4768 1224 4780 ι
1309 4765 1315 4780 ‚

440 4784 561 4838 naues
572 4786 666 4839 omer
680 4784 708 4837 n
720 4784 810 4841 ccc.
1056 4762 1141 4833 arur]
1160 4772 1275 4832 veretur,
1287 4766 1347 4833 so.
