3500 5784
703 875 881 936 trrsronn.
1252 873 1315 937 209

267 1057 403 1124 ecclesis
423 1058 627 1145 amputandi
638 1062 742 1125 sunt?
794 1059 851 1125 Voe
872 1057 968 1125 eaba
989 1057 1126 1124 librabat
1136 1079 1200 1144 per
1218 1063 1390 1184 queas&
1365 1066 1440 1118 ιιιιι.
1566 1143 1570 1152 Ι

268 1159 475 1226 modulam
500 1159 600 1226 osuit.
634 1158 812 1248 Apostolus
835 1161 958 1227 Paulus
979 1162 1028 1225 ait
1051 1161 1094 1225 ad
1118 1149 1372 1241 Corinthios,lm

268 1259 480 1348 Quapropter
508 1262 541 1328 ci
578 1283 649 1328 aba
686 1261 902 1330 ccomdaliaot
916 1262 1068 1350 fratrem
1090 1285 1213 1340 meam,
1244 1285 1317 1328 coa
1330 1276 1341 1320 1
1356 1270 1413 1324 cor.
1424 1271 1476 1322 viii

269 1363 482 1431 manducabo
511 1385 650 1432 carram
678 1365 722 1431 ia
751 1371 1002 1445 odoramata
1023 1365 1175 1452 fratrem
1200 1342 1368 1434 mearam

267 1465 505 1534 ecmcdubiacra
566 1467 674 1549 Quare
712 1468 815 1554 igitur
851 1490 920 1534 non
956 1470 1068 1555 magis,
1106 1473 1165 1534 aut
1202 1468 1318 1546 saltem

267 1569 447 1654 aqualiter,
471 1569 582 1635 dicant
616 1570 712 1636 hodie
744 1570 882 1658 praelati,
907 1570 943 1636 Si
976 1571 1156 1658 implicatio
1184 1591 1258 1636 mea
1283 1571 1319 1634 in

264 1669 398 1757 judiciis
424 1671 623 1738 secularibus
654 1672 856 1740 scandalizet
879 1672 1022 1752 fratrem,
1045 1694 1114 1738 nou
1144 1673 1319 1760 implicabo

268 1795 320 1840 me
351 1774 403 1840 his
424 1775 461 1840 in
482 1779 665 1841 aetemuml
710 1776 782 1842 imo
804 1780 901 1842 tanto
929 1777 1034 1862 magis
1055 1779 1106 1841 est
1127 1775 1188 1842 hoc
1209 1776 1321 1841 dioen-

268 1877 356 1958 dum,
381 1882 506 1964 quanto
528 1878 636 1944 victus
658 1883 709 1944 est
742 1879 847 1965 magis
880 1879 1082 1944 necessarius
1104 1879 1318 1944 ventilatione

269 2000 445 2044 cunarum.
484 1974 616 2046 'Praeter
648 1979 718 2046 hsec
749 1980 886 2046 abbates
918 2002 986 2046 non
1018 1981 1124 2046 solum
1155 1981 1254 2046 semel
1283 1981 1320 2045 in

269 2081 464 2167 professione
486 2103 554 2162 sua,
577 2083 634 2148 sed
656 2087 691 2148 et
713 2082 855 2148 secundo
877 2083 914 2148 in
936 2083 1173 2162 benedictione,
1196 2088 1320 2148 vovent

134 2229 144 2238 -
268 2183 446 2249 solenniter
477 2203 512 2249 se
543 2183 770 2250 observaturos
803 2184 951 2271 regillam
982 2207 1081 2271 quarn
1112 2185 1318 2273 profitentur.

270 2283 313 2350 In
347 2285 460 2372 regula
492 2288 605 2351 autem
638 2287 728 2352 beuti
760 2281 932 2352 Benedicti
964 2288 1118 2352 scribitur
1138 2289 1228 2374 quod
1250 2283 1464 2400 ιιιιιΒειὼΒ·

269 2385 395 2452 ncchus
424 2409 459 2452 se
481 2388 622 2454 debet“
632 2411 653 2454 a
674 2388 775 2454 seculi
796 2389 924 2454 actibus
946 2388 1051 2454 facere
1072 2389 1245 2471 alienumj’
1283 2349 1424 2481 olaph?
1394 2360 1482 2469 Nego,

269 2489 390 2575 quod‘
392 2489 512 2556 ‘abbas
533 2491 621 2556 vices
644 2490 768 2556 Christi
799 2490 902 2578 agit
892 2512 928 2556 m
949 2491 1174 2558 monasterio?
1219 2492 1318 2558 Secu-
1329 2496 1367 2546 lb
1379 2511 1432 2562 ιιι
1444 2497 1472 2547 ii.

271 2591 354 2656 laria
375 2597 487 2658 autem
506 2591 631 2678 judicis
646 2592 719 2679 quis
734 2591 866 2659 dubitat
892 2613 961 2658 esse
985 2594 1026 2659 de
1048 2595 1176 2661 actibus
1198 2594 1319 2660 seculil
1557 2599 1562 2606 ’

271 2692 364 2758 Ει
338 2715 367 2759 ιι
389 2695 476 2761 vices
499 2693 622 2760 Christi
653 2695 765 2781 agit
755 2717 792 2759 ιιι
822 2696 1027 2772 monasterio,
1051 2696 1212 2781 quomodo
1230 2697 1320 2781 judi-

273 2796 362 2861 cabit
383 2796 424 2862 de
446 2795 696 2862 haereditatibus
730 2800 765 2862 et
796 2796 984 2880 hujusmodi
1015 2797 1221 2875 secularibus,
1245 2820 1319 2863 cum

273 2897 425 2964 Christus
464 2899 593 2965 cuidam
625 2899 665 2964 de
701 2899 801 2965 turba
840 2898 968 2986 petenti
1006 2899 1161 2986 quatinus
1199 2900 1322 2965 diceret

270 2999 364 3066 fiatri
396 3021 454 3066 suo
488 3005 528 3066 ut
561 3001 724 3068 divideret
757 3022 865 3066 seeum
887 3001 1122 3081 haereditatem,
1152 3002 1322 3089 respondit

272 3103 390 3180 dicens,
416 3101 538 3183 Homo,
563 3101 642 3190 quie
675 3123 728 3169 me
752 3101 929 3170 coactata
953 3101 1108 3190 jadaea
1130 3111 1194 3171 cat
1180 3103 1319 3171 duu-
1330 3093 1430 3214 21⁸⁰
1424 3097 1486 3148 ῐῑῑ·

271 3225 379 3270 smera
400 3225 504 3290 stipor·
532 3209 610 3270 vost
654 3204 697 3269 In
731 3203 791 3270 hoo
824 3205 995 3272 manifeste
1026 3205 1110 3272 dans
1131 3207 1319 3294 exemplum

271 3307 353 3371 viris
386 3306 607 3372 ecclesiasticis
630 3310 665 3372 et
696 3307 858 3394 proeoipue
888 3308 1056 3395 religiosis,
1080 3309 1141 3374 ut¹
1165 3310 1322 3376 scomma

272 3429 340 3473 non
368 3412 571 3496 pertractent
588 3409 720 3494 judicia
767 3408 854 3502 Voti
868 3409 972 3496 igitur
996 3417 1265 3498 transgressorem
1287 3433 1323 3478 sc

273 3510 447 3576 constituit
477 3511 530 3576 vir
560 3511 792 3598 religiosus,si
826 3513 971 3578 excurrit
1000 3513 1037 3577 in
1067 3515 1154 3594 talia,
1177 3516 1322 3581 maxime
1411 3517 1417 3528 '
1454 3587 1459 3595 ,

273 3634 340 3678 non
374 3612 565 3691 incidenter,
596 3612 653 3678 sed
687 3633 730 3678 ex
761 3613 995 3680 deliberatione
1029 3623 1177 3704 suscepto
1209 3617 1322 3703 hujus-

272 3715 361 3781 modi
382 3715 582 3802 potestativo
614 3713 725 3780 officio.
772 3715 920 3782 Abbates
952 3739 1028 3804 ergo
1045 3719 1218 3803 justitiarii
1248 3719 1322 3785 reli-

271 3817 377 3904 gionis
409 3817 637 3883 excellentiam
670 3817 814 3883 reddunt
836 3818 937 3884 vilem
968 3824 1003 3886 et
1033 3822 1319 3909 contemptibilem,

272 3918 421 3984 Rachelis
443 3923 652 3985 venustatem
684 3921 921 3986 convertunt
910 3944 947 3985 m
981 3921 1050 3986 Liae
1080 3923 1320 4010 lippitudinem,

270 4020 384 4087 falcem
421 4022 565 4087 mittunt
609 4021 646 4086 in
683 4021 823 4086 alienam
857 4043 1003 4103 messem,
1034 4031 1070 4092 et
1107 4027 1449 4154 renascentum
1403 4039 1473 4089 xxiv.

271 4121 442 4201 lambros,
467 4143 548 4209 quos
569 4127 680 4210 patres
703 4123 755 4188 sui
785 4129 971 4210 posuerunt,
995 4126 1101 4193 lucem
1123 4111 1354 4196 convertunt2·

271 4225 308 4289 in
329 4226 490 4308 tenebras,
514 4231 548 4290 et
570 4225 711 4312 caput
701 4247 737 4290 m
771 4227 918 4309 caudam,
941 4234 976 4294 et
1008 4231 1096 4315 quod
1118 4253 1248 4297 sursum
1270 4238 1321 4298 est

271 4327 307 4392 in
340 4327 502 4408 deorsum,
525 4349 634 4393 rerum
660 4327 810 4393 ordinem
832 4331 1072 4415 perturbantes,
1100 4334 1321 4400 sacerdotibus

273 4430 453 4516 gentilibus
486 4430 751 4517 impudentiores,
775 4431 918 4498 eoolesiae
951 4435 1146 4502 scandalum
1203 4437 1249 4502 Et
1280 4460 1322 4504 ne

273 4553 349 4619 pars
393 4533 519 4598 sincera
555 4532 715 4614 trahatur,
753 4534 937 4599 membrum
983 4535 1134 4604 districto
1172 4542 1322 4607 examine

686 4750 694 4784 ¹
711 4750 752 4817 ιιι]
771 4757 804 4813 et
815 4750 908 4807 0.0.0.

1166 4855 1189 4903 0
