3500 5784
434 852 476 917 52
758 866 905 917 nonnum
928 865 1156 917 eaommrsrn

435 1048 451 1075 ‘¹
475 1047 509 1107 et
531 1042 674 1107 animam
697 1062 795 1127 quam
820 1040 972 1107 Christus
994 1040 1074 1105 emit
1097 1042 1204 1129 pretio
1225 1038 1393 1129 sanguinis
1418 1038 1479 1118 sui,

434 1149 452 1179 “
475 1144 563 1231 quod
585 1145 727 1231 pretium
750 1148 799 1209 est
822 1143 1121 1231 incomparabiliter
1143 1145 1250 1231 majus
1264 1144 1480 1211 universitate

435 1254 452 1283 “
476 1270 567 1335 purae
600 1245 778 1325 creatura)
810 1247 940 1313 tradere
966 1248 1081 1313 niteris
1114 1250 1317 1336 corruptori?
1361 1248 1479 1314 Nonne

435 1359 452 1387 “
476 1353 579 1445 carior
594 1356 644 1417 est
662 1350 725 1416 tihi
740 1350 811 1415 ovis
825 1350 1011 1437 appretiata
1028 1350 1200 1417 duodecim
1215 1351 1366 1428 denariis,
1382 1373 1480 1436 quam

435 1455 586 1519 “anima
619 1453 803 1539 appretiata
835 1453 994 1540 sanguine
1030 1452 1179 1519 Christi?
1223 1454 1290 1534 Qui
1327 1453 1373 1520 sio
1406 1452 1481 1517 vili-

435 1563 453 1592 “
475 1557 590 1643 pendis
608 1555 778 1621 Christum
800 1558 834 1621 et
856 1554 1024 1641 sanguinis
1045 1554 1172 1642 ipsius²
1194 1556 1346 1643 pretium,
1368 1577 1478 1621 nonne

434 1668 451 1694 “
474 1659 642 1725 evidenter
663 1658 757 1724 vadis
783 1657 819 1723 in
841 1657 1005 1723 infernum
1014 1655 1046 1723 t'
1094 1658 1332 1745 Hujusoemodi
1353 1680 1479 1745 oorrep

431 1763 529 1840 tione,
546 1761 660 1840 fateor,
676 1784 729 1827 me
751 1760 877 1827 dictum
900 1760 1096 1827 monachum
1118 1761 1317 1849 corriprussa
1359 1760 1478 1842 Quaero

430 1865 586 1951 itaquae
608 1870 719 1931 vestra
741 1870 776 1930 et
798 1886 911 1929 eorum
942 1864 999 1949 qui
1034 1863 1205 1930 Christum
1235 1865 1380 1952 diligrmt
1413 1864 1477 1929 dis-

431 1969 581 2045 cretione,
605 1968 686 2053 quid
707 1967 744 2031 in
768 1966 829 2031 hae
851 1966 1053 2052 correptione
1075 1965 1210 2031 videtur
1242 1966 1380 2053 dignum
1410 1989 1479 2032 eor·

430 2071 579 2157 raptione
603 2092 660 2135 seu
683 2068 788 2135 livida
803 2068 1029 2135 detractione?
1073 2068 1246 2154 Numquid
1268 2070 1305 2134 in
1327 2069 1388 2134 hae
1410 2090 1478 2134 eor·

429 2174 577 2260 raptione
600 2172 726 2258 aliquid
748 2171 908 2237 mendacii
927 2172 1104 2251 insinuavi,
1119 2171 1279 2257 numquid
1302 2172 1477 2238 veritatem

430 2276 629 2343 reticendam
653 2276 750 2341 dixit
771 2274 934 2360 numquid
957 2296 1017 2361 ego
1033 2274 1091 2360 qui
1113 2279 1228 2339 teneor
1249 2296 1308 2361 pro
1331 2275 1478 2361 qualibet

428 2379 615 2445 animarum
636 2379 775 2456 illarum
800 2376 867 2443 ad⁸
900 2398 1038 2462 quarum
1061 2398 1174 2442 euram
1196 2399 1252 2443 seu
1274 2378 1385 2464 potius
1407 2400 1478 2465 per-

429 2482 588 2548 ditionem
611 2482 717 2547 dietus
733 2481 912 2546 monachus
927 2480 1052 2546 dietum
1067 2480 1239 2546 diaconum
1254 2482 1477 2567 praesentavit,

428 2585 562 2651 reticere
585 2584 691 2663 debui,
716 2590 750 2650 et
776 2604 844 2649 non
877 2582 993 2649 saitem
1028 2583 1129 2649 verbo
1160 2582 1314 2671 repellere
1346 2582 1476 2649 illarum

427 2690 620 2767 animarum,
644 2709 743 2773 quam
765 2686 864 2753 timui
886 2691 921 2752 et
942 2685 1114 2751 imminere
1136 2686 1214 2766 vidi,
1238 2685 1477 2773 perditionem?

428 2790 600 2877 Numquid
622 2812 688 2855 non
711 2812 771 2877 ego
793 2810 868 2855 reus
891 2810 964 2854 sum
993 2787 1109 2853 mortis
1131 2788 1261 2854 illarum
1283 2788 1475 2865 animamm,

428 2894 455 2957 si
477 2894 577 2958 morti
600 2892 729 2958 illarum
752 2914 811 2979 pro
834 2913 927 2978 posse
949 2911 1017 2956 non
1043 2890 1168 2969 resisto,
1191 2913 1328 2978 eumque
1350 2892 1476 2957 viribus

427 2996 506 3061 totis
529 3017 596 3060 non
618 2994 761 3082 repellet
805 2994 976 3080 Numquid
1008 3016 1074 3059 non
1104 2993 1244 3059 obiciam
1266 3016 1381 3060 verum
1403 3018 1476 3059 ver-

427 3098 506 3163 bum
529 3098 628 3163 morti
663 3097 856 3175 animarum,
891 3097 944 3162 eui
975 3097 1102 3162 obicere
1135 3102 1250 3163 teneor
1283 3097 1475 3183 sanguinem

426 3201 601 3289 proprium,
634 3204 668 3265 et
702 3200 809 3265 vitem
842 3204 877 3265 et
908 3204 1049 3265 mortem
1071 3199 1260 3287 proprium?
1304 3200 1475 3286 Numquid

426 3304 535 3369 minus
557 3303 708 3369 veritatis
730 3302 920 3368 imminenti
946 3302 1047 3367 morti
1073 3302 1199 3367 obicere
1231 3302 1340 3380 debui,
1375 3326 1474 3390 quam

425 3407 572 3473 nondum
598 3404 753 3493 repellere
785 3411 895 3491 potest
926 3410 1000 3471 tota
1021 3404 1146 3470 veritas
1179 3426 1278 3490 quam
1313 3408 1476 3494 opposuit

425 3511 543 3575 Adhuc
565 3510 652 3575 enim
667 3510 848 3595 persistunt
869 3507 963 3573 tam⁴
983 3508 1161 3573 monachus
1176 3506 1298 3594 quam⁶
1320 3510 1475 3576 diaeonus

424 3614 460 3678 in
482 3634 540 3677 suo
563 3612 737 3698 proposito.
773 3610 839 3677 Sed
861 3610 946 3677 forte
962 3610 1049 3676 dicet
1064 3610 1192 3697 aliquis,
1208 3610 1342 3678 habitus
1363 3613 1475 3697 hujus-

425 3715 514 3782 modi
529 3716 660 3780 diaconi
681 3736 750 3779 non
765 3718 816 3779 est
839 3714 1019 3801 perfeetum
1042 3720 1273 3801 argumentum
1295 3717 1384 3800 quod
1403 3717 1475 3803 ipse

425 3820 469 3883 sit
483 3818 680 3903 incongruus
695 3816 738 3881 ad
754 3837 865 3881 eurem
880 3815 1075 3882 animarum.
1102 3816 1158 3881 Ad
1173 3838 1270 3902 quem
1285 3819 1473 3905 respondeo,

425 3920 511 4007 quod
544 3920 680 3985 Domini
713 3923 914 4006 praeceptum
946 3924 1004 3996 est,
1043 3925 1083 3984 ut
1115 3918 1313 3987 obediamus
1342 3943 1475 4008 proepo-

288 4033 295 4047 ·
424 4021 502 4087 attis
539 4021 674 4088 nostris.
743 4022 906 4087 Inventus
937 4021 1040 4109 igitur
1079 4022 1118 4087 in
1148 4026 1225 4089 antu
1261 4023 1332 4109 ipso
1365 4029 1473 4089 trans·

423 4124 598 4213 gressionis
620 4122 754 4191 canonis
778 4128 812 4191 et
845 4124 983 4203 concilii,
1008 4124 1164 4192 inventus
1186 4129 1236 4191 est
1269 4124 1306 4191 in
1336 4126 1473 4193 erimine

455 4494 547 4558 'para
574 4491 705 4559 errumroe]
741 4504 916 4554 creamrarum,
1000 4492 1158 4558 *persistunt
1185 4493 1247 4559 tua]
1280 4494 1393 4559 persistit
1420 4512 1473 4547 non

421 4572 474 4624 sid.
967 4578 1073 4630 tantum,
1085 4572 1140 4623 sid.

453 4654 463 4683 ²
479 4650 569 4716 ipsius]
588 4651 649 4715 eJuS,
660 4650 760 4711 C.G.(¹.‚
773 4652 821 4701 01.

453 4732 462 4761 ⁸
479 4730 525 4796 ud]
544 4746 593 4783 om.
606 4730 695 4783 C.C.C.
1001 4694 1012 4723 ⁸
1026 4692 1111 4764 qm]
1131 4694 1190 4758 ‘1⁰5³
1203 4694 1287 4754 etim,
1298 4695 1352 4747 8ἰὰ
