3500 5784
676 874 854 925 missuum
1228 863 1293 927 425

246 1050 484 1141 evangelicum
530 1057 566 1119 et
613 1052 828 1141 apostolieum
879 1053 1046 1141 eomplens
1093 1054 1294 1132 mandatum,

186 1134 196 1155 ’
246 1153 424 1221 seeundum
461 1154 596 1221 modum
641 1162 676 1221 et
720 1176 907 1222 mensuram
950 1177 1020 1222 suae
1057 1156 1296 1243 magnitudinis

178 1329 188 1355 ·
246 1256 449 1325 modificabit
470 1262 505 1324 et
527 1257 732 1325 mensurabit
755 1279 833 1345 erge
854 1279 952 1324 suum
974 1257 1173 1345 pontificem,
1197 1280 1297 1345 opera

247 1358 453 1439 obeditionis,
490 1361 526 1427 id
563 1360 712 1447 praebens
735 1360 766 1426 ei
796 1360 998 1427 humilitatis
1034 1360 1071 1425 in
1093 1359 1297 1447 suseeptione

247 1462 458 1543 visitationis,
505 1462 720 1541 oomeotionis,
767 1470 801 1529 et
845 1462 1085 1529 reformationis
1129 1463 1172 1528 sb
1215 1463 1297 1551 ipso,

247 1564 355 1650 quod¹
379 1565 578 1631 humilitatis
600 1588 675 1632 oum
697 1564 794 1631 offioii
815 1566 868 1631 sui
883 1565 1033 1632 debitum
1047 1566 1123 1633 vult
1138 1588 1295 1648 exeruere,

247 1667 321 1733 vult
343 1667 407 1733 sibi
428 1668 567 1755 praeberi
589 1692 610 1735 e
632 1668 717 1735 olero
740 1673 775 1734 et
796 1668 919 1756 populo
941 1668 1006 1735 sibi
1028 1668 1184 1755 subjecto.

290 1768 325 1833 N
326 1792 362 1836 eo
383 1770 581 1836 eredendum
604 1775 655 1836 est
675 1770 763 1856 quod
778 1771 959 1857 capitulum
981 1771 1092 1837 exudet
1112 1792 1147 1836 se
1168 1780 1464 1849 sunum,1s.10n.i.

246 1876 363 1959 utpote
393 1872 486 1958 eujus
519 1894 588 1939 non
619 1873 664 1938 sit
686 1894 768 1960 opus
790 1872 926 1954 medico,
949 1894 1024 1938 oum
1047 1873 1130 1939 suist
1152 1872 1241 1959 quod
1262 1854 1448 1997 &llam-

246 1972 442 2040 desumus
456 1972 547 2062 quod
557 1981 732 2061 pewutum
754 1996 828 2041 uon
841 1973 1009 2056 tutemus,
1024 1974 1097 2062 ipsi
1110 1996 1174 2041 uos
1194 1974 1293 2041 sedu-
1305 2004 1345 2048 ter
1354 2005 1449 2049 mnu

247 2075 367 2177 donus,
398 2082 428 2144 et
452 2076 579 2145 ustas
600 2076 644 2145 u'u
672 2076 770 2144 stabis
798 2098 872 2144 nou
897 2084 951 2145 est.
995 2078 1042 2143 Et
1071 2078 1100 2143 si
1134 2076 1186 2145 hae
1219 2100 1294 2165 quse
1305 2064 1464 2117 dimum-

245 2202 333 2247 nuno
353 2186 432 2247 sunt
454 2182 490 2246 in
512 2202 551 2247 eo
572 2202 728 2269 pereunte,
744 2182 812 2246 sint
834 2180 982 2248 honestae
1004 2187 1039 2247 et
1059 2181 1163 2259 bonae,
1178 2186 1295 2247 notum
1306 2132 1448 2249 mi*

246 2288 296 2349 est
317 2287 431 2349 temen
453 2284 541 2371 quod
573 2284 709 2349 fuerunt
739 2282 915 2368 aliquando
937 2284 973 2349 in
994 2305 1033 2350 eo
1054 2285 1167 2351 slterae
1189 2266 1439 2383 mulusfflg

246 2384 456 2474 indigentes⁹
487 2386 709 2467 eorrectione;
759 2408 819 2452 nee
863 2391 989 2452 eertum
1027 2391 1078 2452 est
1111 2386 1192 2475 quin
1229 2347 1358 2455 sintpy
1440 2370 1446 2382 ¹

245 2488 373 2555 sdhuo³
394 2488 515 2576 sliquae
536 2489 620 2554 tales
648 2489 686 2553 in
719 2487 782 2555 eo⁴
803 2487 934 2556 futurae.
980 2488 1060 2555 Non
1080 2489 1186 2555 solum
1208 2491 1296 2556 enim

246 2591 386 2679 populus
408 2590 577 2677 iquorem
599 2590 695 2658 vium
720 2590 868 2657 Domini
895 2598 925 2657 et
945 2591 1128 2678 judicium
1158 2592 1226 2659 Dei
1246 2593 1297 2658 in·
1307 2604 1362 2656 Jer.
1373 2622 1398 2658 v.
1408 2612 1432 2668 4,
1440 2613 1463 2659 ⁵.

245 2696 365 2761 durato
402 2700 436 2760 et
469 2695 636 2761 obstinato
669 2694 764 2760 ooide
798 2694 970 2780 delinquit,
1001 2695 1115 2759 nolens
1152 2695 1296 2782 eooipere

246 2797 460 2886 disciplinam,
485 2798 542 2863 sed
576 2802 611 2863 et
643 2795 837 2883 plerumque
868 2796 943 2882 plus
977 2803 1012 2863 et
1042 2797 1178 2884 gravius
1211 2800 1297 2885 opti-

246 2906 374 2981 mates;
404 2899 492 2965 unde
526 2904 560 2965 et
593 2897 761 2977 Jeremius,
785 2902 959 2985 postquam
991 2899 1106 2986 populi
1127 2904 1295 2987 peceatum

245 3004 414 3089 reputavit
435 3023 528 3090 posse
551 3000 709 3087 imputari
739 3000 896 3068 stultitiae
918 3007 953 3068 et
973 3002 1177 3089 ignorantiae,
1202 3008 1237 3069 et
1258 3002 1295 3067 in

244 3104 449 3192 sapientibus
485 3125 552 3169 non
592 3124 660 3169 esse
698 3102 879 3190 disciplinis
915 3108 1150 3191 contemptum,
1189 3106 1296 3170 cordis

244 3207 403 3273 duritiam
425 3212 459 3272 et
481 3206 746 3285 obstinationem,
770 3205 826 3283 ait,
850 3205 875 3271 I
875 3204 913 3271 bo
943 3226 1018 3291 erqo
1041 3206 1088 3272 ud
1110 3205 1294 3293 optimates,

245 3316 275 3376 et
304 3308 425 3396 loquor
450 3306 522 3387 sisu
556 3305 630 3394 o’psi
651 3306 747 3373 euim
768 3308 995 3394 sopsovn‘mu
1019 3307 1116 3374 utum
1137 3308 1295 3390 Domini,

239 3412 418 3500 judicium
454 3408 520 3477 Dei
556 3407 639 3489 sui;
667 3416 697 3475 et
728 3431 795 3476 sose
827 3410 942 3496 stupis
974 3408 1014 3476 ti
1035 3409 1146 3477 simut
1168 3411 1297 3496 cousus-

242 3520 366 3601 pssunt
382 3512 521 3600 jopem,
536 3518 709 3599 rupesuad
731 3510 881 3579 uinculo.
926 3512 1047 3579 Nonne
1068 3515 1104 3579 in
1127 3514 1295 3581 Ezechiele

243 3618 365 3706 legitur
387 3618 474 3704 quod
495 3616 714 3703 septuupu'utu
734 3613 808 3682 vtro·
838 3615 879 3683 de
909 3615 1101 3683 seusun
1121 3617 1240 3700 Israel,
1264 3626 1399 3716 stepen.

243 3720 410 3789 Jetostas
429 3718 534 3807 fidius
562 3716 706 3807 Sophus
737 3716 870 3785 dudum
907 3717 952 3784 iot
980 3718 1094 3786 studio
1122 3717 1359 3788 stantiumvuL
1372 3710 1411 3757 ¹¹·

244 3830 323 3891 asts
355 3822 524 3911 picturae,
563 3828 594 3889 et
613 3819 864 3908 unumquisque
901 3818 1037 3887 lubebat
1076 3821 1295 3890 theothosium

244 3924 288 3993 'io
319 3948 431 3991 mauu
462 3925 560 3991 usco?
604 3923 678 3990 Imo
715 3925 743 3990 si
779 3928 886 3989 totum
919 3930 1160 4012 perscrutemur
1185 3926 1293 4014 Scrip·
1306 3933 1435 4000 scripture

244 4034 364 4106 turam,
389 4050 457 4093 non
493 4026 699 4094 inveniemus
737 4048 916 4113 quosquam
952 4028 1127 4114 deliquisse
1157 4030 1292 4115 gmvius
1303 4001 1454 4119 mehor

245 4152 344 4218 quum
389 4130 580 4211 secerdotes,
618 4136 653 4197 et
689 4130 834 4196 maxime
878 4131 1084 4199 ssoerdotum
1120 4132 1290 4220 prinsipes.
1303 4134 1464 4213 pensumve

245 4232 416 4315 Quomodo
438 4231 541 4318 igitur
573 4253 642 4299 non
674 4238 773 4320 egent
806 4232 1005 4313 visitatione,
1029 4233 1236 4315 oorreotione,
1259 4203 1400 4301 etmm

244 4334 495 4403 reformationet
527 4333 601 4401 Imo
622 4340 719 4403 tento
740 4336 814 4423 plus
835 4340 935 4425 egent
956 4335 1017 4415 his,
1040 4341 1166 4422 quanto
1181 4357 1293 4404 eorum

277 4690 285 4721 ι
822 4688 834 4719 .

277 4686 740 4836 vluffssffffifflslsueo
824 4684 1118 4836 «ῗηῶοἷῖᾞὲοῗ
