3500 5784
689 826 866 881 urrsronn
1264 818 1306 882 39

256 1003 498 1083 deseendentss‚
521 1022 595 1069 eem
618 1002 654 1069 in
675 1001 879 1069 excellentiae
901 1007 1021 1070 vestrm
1044 1001 1306 1071 familiaritatem

255 1128 419 1175 resumere
441 1106 571 1193 dignnti
592 1106 681 1173 estis.
721 1104 809 1186 Quia
823 1125 910 1183 vero,
927 1103 1106 1171 seeundum
1128 1105 1217 1191 quod
1238 1102 1303 1171 nit¹

256 1208 387 1287 Senem,
414 1208 608 1277 metandum
640 1206 738 1275 nobis
769 1212 828 1285 est,
868 1210 908 1273 ut
944 1206 1102 1275 beneficis
1138 1206 1305 1273 benefieiis
1318 1222 1463 1277 1111111111

255 1333 444 1397 superemus
454 1336 464 1392 ;
486 1310 614 1388 vallem,
630 1310 658 1375 si
681 1330 817 1395 possem,
836 1314 968 1395 recepta
987 1309 1145 1377 beneficis
1161 1310 1305 1396 repensis
1317 1290 1454 1421 ἒθέξέξῗ

255 1413 421 1481 benefieiis
464 1412 643 1499 majoribus
681 1412 820 1490 vindere,
860 1411 917 1479 vel
960 1410 1079 1479 saltem
1122 1412 1430 1499 eqmlibusesvar.
1442 1425 1460 1474 i.

255 1514 465 1603 aequipetere.
510 1514 748 1583 Verumtamen
785 1535 860 1581 eum
898 1514 934 1581 id
977 1516 1141 1599 quomedo
1177 1515 1304 1593 faeiem,
1317 1494 1410 1553 ¹'·⁵⁹⁷·
1505 1558 1508 1566 ·

256 1640 324 1684 non
355 1618 451 1685 fseile
481 1616 668 1698 inveniam
711 1616 800 1702 quod
832 1622 945 1681 tamen
978 1620 1092 1703 potero
1123 1617 1307 1704 dependere

256 1742 324 1785 nen
345 1720 509 1787 desistam
556 1718 705 1805 Cumque
736 1740 805 1785 non
838 1718 960 1805 possim
990 1719 1131 1803 nequalia
1153 1720 1208 1786 vel
1239 1742 1307 1788 me·

253 1822 326 1909 jorn
355 1823 544 1902 retribuere,
567 1844 635 1889 non
669 1820 816 1887 desinnm
849 1820 1076 1887 indesinenter
1113 1808 1207 1889 'vobis
1237 1845 1307 1891 me»

253 1926 327 2011 jose
348 1924 539 1991 desiderare.
586 1922 780 1991 Praebuistis
806 1921 890 1989 mihi
911 1922 1171 1989 familiaritatem
1193 1926 1306 2005 vestri,

257 2028 377 2113 optabo
391 2027 487 2092 vobis
508 2025 768 2091 familiaritatem
791 2024 863 2091 Dei.
909 2024 955 2091 Et
977 2024 1057 2109 quie
1080 2024 1189 2111 Ipsius
1211 2026 1306 2094 fami-

257 2130 384 2195 lisritm
417 2128 502 2195 nulli
539 2128 737 2206 conceditur,
772 2126 839 2193 nisi
872 2127 931 2213 qui
961 2129 1159 2215 contemptis
1174 2130 1308 2195 'transi-

259 2232 352 2297 toriis
374 2236 408 2297 et
430 2231 538 2311 venis,
563 2230 734 2295 ardentem
756 2228 910 2297 habuerit
939 2252 1084 2298 emerem
1105 2231 1307 2311 amlestium

258 2334 353 2421 qussi
373 2334 525 2419 quedem
547 2332 694 2399 fomenta
715 2331 854 2399 eaelestis
877 2332 1006 2413 amoris,
1029 2338 1065 2399 et
1097 2333 1309 2400 tetenderitis

259 2438 483 2517 ineitamente,
505 2456 611 2522 peuce
631 2434 810 2520 subscripsi
832 2434 873 2499 de
895 2434 1001 2522 glorie
1013 2440 1050 2501 et
1071 2436 1209 2515 divitiis,
1233 2460 1308 2523 quae

258 2538 396 2605 suntin
418 2538 515 2603 domo
538 2536 677 2603 Domini
698 2536 848 2616 caelestis,
873 2543 912 2602 nt
934 2538 982 2605 eis
1008 2538 1185 2605 intellectis
1217 2562 1309 2605 amor

258 2640 396 2710 emlestis
425 2642 461 2707 in
494 2640 591 2707 vobis
612 2639 773 2717 foveatur,
797 2644 831 2704 et
854 2639 1005 2707 confotus
1031 2641 1173 2729 amplius
1198 2663 1310 2707 meen-

259 2744 364 2811 detur.

304 2845 356 2912 De
386 2844 517 2911 divitiis
547 2845 651 2931 igitur
673 2843 758 2912 sulse
788 2843 929 2910 caelestis
958 2845 1023 2911 erit
1049 2866 1159 2912 rerum
1188 2846 1310 2932 pretio·

260 2948 388 3015 sissims
414 2948 477 3015 lux
498 2946 598 3011 nullis
623 2946 774 3011 admixta
799 2946 955 3026 tenebris,
985 2946 1084 3012 nullis
1113 2948 1312 3033 interpolate

261 3047 553 3127 vicissitudinibus,
580 3048 681 3115 nullia
715 3048 813 3114 finite
846 3048 1007 3129 terminia,
1040 3070 1099 3115 nee
1133 3050 1312 3116 terminum

261 3152 390 3217 finibus.
438 3148 512 3215 Erit
534 3149 582 3215 ibi
614 3150 777 3216 benorum
808 3149 958 3215 omnium
989 3150 1061 3215 eine
1092 3149 1312 3217 diminutione

260 3254 362 3342 eopia,
385 3252 456 3317 sine
478 3251 607 3318 defectu
629 3252 794 3339 perfeetie,
826 3273 886 3318 nee
910 3251 1020 3317 divise
1040 3252 1125 3317 nee8
1147 3253 1312 3319 dimirruta

262 3378 321 3443 per
356 3354 607 3442 eompsrtieipes
651 3354 788 3440 elieujus
832 3352 913 3419 boni
961 3353 1181 3441 partieipetio,
1232 3355 1312 3439 quis

260 3458 325 3523 erit
344 3457 549 3544 singulorum
571 3456 760 3542 plenissime
782 3456 930 3521 omnium
951 3455 1123 3524 sonorum
1144 3457 1310 3543 possessio,

261 3561 346 3626 sieut
367 3560 485 3625 vident
507 3559 617 3646 plures
638 3558 724 3623 oeuli
745 3557 846 3623 solem
879 3562 999 3637 totum
1031 3558 1099 3623 sole
1120 3558 1313 3625 videntibus

261 3660 411 3750 pluribus
433 3682 502 3727 nen
523 3660 655 3747 partito.
704 3659 749 3725 Et
779 3660 864 3724 sieut
886 3659 924 3723 in
956 3658 1018 3724 hue
1039 3661 1114 3725 vita
1133 3665 1186 3726 est
1215 3662 1311 3727 nobis

260 3763 413 3830 diseretio
447 3784 593 3849 operum,
627 3762 674 3827 aie
705 3762 770 3827 erit
802 3762 838 3825 in
869 3760 927 3840 1111
960 3760 1064 3847 gloria
1096 3764 1311 3848 proculdubio

260 3866 414 3932 diseretio
435 3865 662 3951 dignitetsrm3
684 3868 725 3927 ut
747 3862 825 3948 quie
847 3862 902 3928 hie
935 3862 1020 3929 elius
1056 3864 1159 3929 elium
1191 3866 1311 3933 merite

261 3971 402 4054 arpent,
425 3966 492 4031 illie
514 3965 616 4029 alium
639 3963 858 4029 retributione
881 3965 1100 4034 tranaeendst
1146 3966 1222 4031 Erit
1243 3968 1312 4033 illie

260 4070 297 4135 in
330 4068 452 4155 spiritu
483 4071 595 4133 nostro
632 4066 739 4131 ornnis
772 4066 926 4133 veritatis
963 4066 1087 4153 ubsque
1123 4070 1313 4155 ignmtia

259 4171 411 4257 eognitio.
458 4168 501 4234 In
523 4168 646 4237 lumine
669 4169 758 4233 enim
789 4169 879 4253 quod
911 4168 1003 4234 Deus
1034 4174 1093 4248 est,
1126 4171 1312 4237 videbimus

260 4261 379 4339 lumen*
403 4272 509 4339 omnis
539 4275 696 4337 ereeturae
718 4270 882 4349 veritatis,
907 4271 993 4336 sieut
1015 4293 1073 4357 per
1103 4271 1311 4339 Psalmistam

295 4620 302 4650 ¹
320 4620 371 4685 aie]
390 4620 475 4684 sentit,
486 4619 574 4673 (200.
779 4624 786 4680 Ι
844 4620 854 4651 ²
869 4620 925 4685 ner]
944 4622 993 4684 vel,
1004 4620 1096 4675 C.C.G.
