3500 5784
725 891 905 961 sermome
1276 875 1343 949 237

294 1073 363 1133 met
385 1065 527 1156 punivit,
558 1068 627 1153 ipse
649 1065 852 1152 dijudicavit.
899 1065 1063 1151 consequi
1085 1066 1186 1130 etiem
1209 1065 1344 1131 videtur
1419 1104 1422 1110 ,

294 1191 337 1234 ex
359 1171 471 1236 eudem
494 1169 678 1236 intentione
704 1173 814 1234 vestre
845 1168 934 1253 quod
965 1167 1152 1254 quicunque
1174 1167 1215 1233 dc
1237 1169 1342 1253 cujus

294 1293 420 1359 cunque
442 1273 486 1338 sit
504 1270 740 1357 jurisdictione,
776 1291 969 1357 quocunque
998 1270 1210 1356 praefatorum
1231 1270 1343 1335 modo·

294 1396 368 1438 rum
383 1375 576 1461 delinquens
589 1373 626 1438 in
640 1371 881 1451 auctoritatem,
896 1373 1102 1458 dignitatem,
1125 1373 1181 1437 vel
1202 1371 1342 1438 officium
1379 1428 1384 1438 .

294 1477 473 1563 episcopale
495 1477 532 1542 in
555 1497 718 1563 quoquam
739 1475 953 1562 praefatorum
973 1475 1127 1554 locorum,
1150 1475 1201 1539 ito
1220 1475 1281 1540 fiet
1303 1476 1345 1540 de

291 1578 519 1666 jurisdictione
542 1584 653 1645 vestre
678 1578 806 1644 ratione
828 1579 972 1644 locorum
992 1577 1031 1643 in
1052 1575 1173 1663 quibus
1187 1577 1343 1644 delictum

295 1675 522 1761 committitur,
556 1681 644 1768 quod
676 1681 843 1768 episcopus
876 1685 985 1746 vester
1014 1699 1083 1745 non
1104 1676 1212 1766 possit
1229 1679 1344 1765 hujus·

294 1783 384 1848 modi
419 1783 574 1850 delictum
606 1788 895 1870 quantumcunque
926 1781 1095 1847 notorium
1125 1781 1343 1848 incontinenti

294 1886 411 1971 punire
445 1892 480 1952 et
510 1887 679 1974 corrigere,
714 1884 771 1951 sed
803 1889 953 1972 oporteat
975 1884 1164 1971 episcopum
1185 1890 1341 1965 vestrum,

294 1988 356 2054 hoc
378 1989 590 2076 impunitum,
613 1992 652 2054 ut
675 2010 775 2075 supro
797 1987 923 2054 dictum
946 1991 1006 2068 eet,
1028 1987 1202 2066 dimittere,
1225 1987 1280 2053 vel
1300 1988 1343 2053 ed

296 2111 392 2156 sunm
407 2091 593 2157 inferiorem
615 2090 657 2156 eb
679 2112 717 2156 eo
735 2089 938 2177 judicialiter
959 2088 1201 2155 discutiendum
1215 2090 1341 2157 referre.

296 2193 373 2257 Alie
396 2214 524 2280 quoque
549 2193 669 2260 delicte
703 2215 725 2257 e
750 2191 999 2279 quibuscunque
1030 2193 1342 2279 praenominatorum

296 2295 483 2382 ubiermque
504 2294 681 2374 commisse,
698 2295 752 2361 vel
767 2317 788 2360 e
803 2294 1050 2381 quibuscunque
1064 2294 1137 2360 eliis
1159 2296 1196 2359 in
1217 2317 1343 2383 praeno·

296 2397 432 2462 minatis
447 2399 526 2464 locis
541 2399 720 2479 commissa,
738 2403 1028 2484 quantumcunque
1048 2397 1172 2463 firerint
1194 2399 1344 2485 episeopo

296 2501 434 2579 notorio,
459 2506 747 2587 quantumcunque
769 2498 900 2586 publice
922 2521 1030 2565 eorem
1052 2500 1166 2566 eodem
1189 2501 1342 2580 confesse,

296 2603 476 2668 seeundum
491 2602 754 2689 consequentium
768 2603 965 2668 intentionis
986 2607 1115 2684 vestre,
1132 2625 1199 2668 non
1220 2604 1344 2691 poterit

296 2705 465 2793 episcopus
487 2709 596 2771 vester
617 2704 837 2773 incontinenti
870 2705 988 2793 punire
1018 2716 1054 2770 et
1086 2707 1254 2793 corrigere,
1286 2707 1345 2773 sed

296 2807 463 2893 oportebit
496 2807 585 2893 quod
615 2807 719 2873 Jacob
753 2811 789 2873 et
822 2805 934 2872 David
965 2807 1103 2874 videant
1134 2809 1206 2875 luce
1227 2809 1345 2874 clarius

296 2931 375 2974 oves
389 2931 472 2988 suae,
496 2930 633 2994 querum
655 2909 812 2975 domnum
834 2912 991 2975 tenentur
1012 2909 1194 2989 restituere,
1216 2933 1237 2975 e
1257 2911 1345 2998 lupis
1423 2946 1426 2955 ·

297 3017 332 3077 et
361 3010 513 3078 leonibus
548 3016 582 3077 et
613 3011 699 3076 ursis
731 3011 882 3092 detineri,
913 3033 973 3077 nec
1005 3012 1178 3078 audebunt
1210 3035 1265 3079 ecs
1301 3012 1344 3078 eb

296 3135 409 3178 eorum
424 3113 585 3179 morsibus
599 3113 819 3179 incontinenti
842 3112 966 3201 eripere
979 3137 988 3194 3
1018 3113 1076 3179 sed
1096 3136 1223 3182 neeesse
1244 3114 1347 3204 lrabe-

296 3215 381 3281 bunt
414 3236 489 3281 cum
512 3216 644 3303 propriu
666 3213 875 3281 confusione¹
900 3215 939 3279 in
970 3214 1073 3281 oculis
1102 3217 1244 3304 propriis
1266 3239 1344 3283 oves

190 3309 194 3316 ’
297 3317 444 3405 propriae
474 3319 670 3404 permittere·
701 3339 722 3382 c
752 3317 869 3383 bestiis
901 3317 1062 3399 suffocari,
1093 3318 1147 3384 vel
1170 3321 1264 3407 quusi
1284 3341 1344 3407 pro

298 3441 444 3507 congruo
473 3420 615 3486 remedio
649 3420 833 3506 pastoribus
873 3419 935 3485 sub
966 3441 1000 3485 ee
1033 3422 1230 3501 constitutis,
1263 3427 1345 3488 tnnc

297 3522 383 3588 forte
405 3521 578 3608 egentibus
599 3521 636 3586 in
658 3522 806 3608 pertibus
820 3521 964 3599 remotis,
980 3523 1069 3608 quod
1090 3544 1168 3590 oves
1188 3547 1210 3589 a
1230 3524 1345 3591 bestiis

297 3625 481 3690 lacerentur
502 3623 664 3690 nunciare.

343 3726 594 3794 Credendnmne
623 3730 674 3792 est
703 3723 766 3790 hoe
795 3723 909 3790 fecisse
930 3723 1055 3791 Jacob?
1084 3727 1143 3814 qui
1170 3726 1346 3817 proprium,
1357 3753 1423 3808 affl,
1434 3753 1512 3806 xxxi.

297 3827 355 3895 sed
388 3833 525 3906 coactus,
557 3827 642 3894 circe
663 3826 836 3892 eutrandus
858 3847 935 3893 oves
957 3849 1176 3896 rememorans
1205 3831 1346 3920 diligen·
1357 3827 1399 3884 ³⁸,
1408 3827 1450 3886 ³⁹2
1461 3828 1504 3880 ⁴⁰·

296 3930 389 4012 tiam,
413 3929 528 3996 cited
550 3928 685 3995 Lobcn:
720 3927 801 3996 Ooee
825 3935 895 3995 tuoe
923 3934 954 3995 et
983 3951 1095 4016 capric
1124 3931 1251 4000 steriles
1270 3955 1346 4001 riou

291 4033 468 4121 fecium&
500 4030 621 4100 artetes
647 4029 759 4118 crepo
793 4029 849 4098 tui
869 4052 944 4098 nou
965 4032 1102 4113 comedi,
1128 4042 1345 4123 rwceaptucn

299 4157 323 4202 c
345 4135 448 4202 tectio
476 4133 613 4202 tradidi
634 4133 707 4213 tibi,
731 4154 787 4220 eqo
810 4133 985 4201 dormtum
1013 4155 1113 4203 cume
1139 4136 1344 4217 ruddebwm

299 4235 466 4326 quicquid
480 4235 580 4323 furto
603 4235 764 4324 perteret,
786 4257 810 4304 a
831 4256 885 4302 me
905 4234 1056 4321 epipedos
1064 4262 1081 4320 ;
1102 4237 1159 4304 dic
1180 4244 1347 4324 cecoque

298 4347 382 4408 cestu
403 4339 528 4407 weber
555 4345 585 4406 et
611 4338 698 4426 qen,
716 4335 875 4425 sopiebat
898 4359 1039 4406 somnus
1060 4339 1101 4406 ab
1123 4339 1233 4406 cocciis
1253 4339 1348 4408 cete.

298 4439 461 4529 Nunquid
476 4462 543 4507 non
564 4440 670 4528 magis
686 4439 885 4506 credendum
905 4445 957 4506 est
978 4440 1066 4527 quod
1080 4441 1217 4528 ipsemet
1230 4435 1346 4521 Jacob,

297 4543 570 4632 interpretatione
602 4541 753 4624 luctator,
786 4543 859 4608 visu
896 4563 958 4608 ove
994 4542 1031 4606 in
1065 4562 1121 4608 ore
1157 4540 1262 4606 leonis
1290 4543 1345 4608 vel

617 4837 794 4933 revenere]
813 4861 1034 4928 eumq-ccc
