3500 5784
660 870 836 921 amaronn
1207 856 1271 921 389

229 1040 461 1107 revelationem
508 1043 694 1131 Scriptura,
733 1042 847 1108 habita
884 1043 1035 1131 diligenti
1084 1051 1118 1110 et
1158 1045 1272 1111 subtili

228 1148 434 1227 peccatorum
457 1145 685 1233 speculatione,
709 1145 751 1210 ad
769 1146 952 1211 tollendum
975 1168 1015 1211 ea
1037 1145 1141 1211 officio
1163 1153 1270 1234 potes·

227 1245 306 1310 tatis
322 1245 512 1332 judiciariae,
536 1248 622 1313 sicut
643 1248 794 1334 congruit
816 1248 1145 1335 interpretationibus
1166 1251 1270 1315 nomi-

227 1367 307 1411 num
344 1348 486 1415 locorum
523 1349 560 1415 in
592 1351 712 1436 quibus
746 1350 879 1415 Samuel
907 1350 1080 1435 judicabat
1113 1353 1270 1438 populum

229 1447 454 1517 Israeliticum.
478 1452 596 1539 Bethol
612 1454 699 1518 enim
714 1453 953 1539 interpretatur
967 1454 1088 1519 maa
1102 1453 1176 1531 Dei,
1194 1455 1270 1520 Gal·

226 1550 300 1636 gala
326 1574 403 1619 vero
425 1553 590 1633 revelatio,
626 1554 780 1641 Masphat
802 1561 917 1621 autem
938 1554 1100 1621 sonatio
1121 1556 1269 1641 specula

228 1652 355 1719 tionem
381 1655 518 1741 peccati.
566 1656 639 1737 Quo
670 1656 809 1722 circuitu
832 1661 971 1743 peracto,
994 1659 1117 1723 reverti
1148 1658 1270 1725 debent

227 1756 367 1843 episcopi
390 1758 426 1821 in
450 1757 621 1837 Ramatha,
646 1759 706 1824 hoo
728 1758 835 1823 estin
858 1757 994 1823 caelcstr'a
1009 1758 1270 1827 saevassaeuas

225 1857 461 1925 celsitudinem
480 1883 545 1945 par
567 1860 769 1927 divitiorum
784 1860 1106 1946 contemplotiorwm,
1123 1862 1181 1927 ubi
1203 1868 1270 1927 tor-

225 1966 319 2026 rente
341 1962 523 2050 voluptatis
538 1962 708 2050 sapientiae
731 1962 837 2050 potati
860 1963 989 2049 plenius
1003 1963 1165 2041 hauriant,
1182 1965 1269 2030 unde

224 2063 260 2127 in
276 2062 381 2129 altera
395 2064 586 2131 circuitione
601 2064 757 2151 populum
774 2064 837 2129 sibi
859 2064 1043 2149 subjectum
1058 2074 1092 2131 et
1106 2067 1268 2153 praecipue

224 2166 346 2231 clerum
369 2167 405 2231 in
427 2168 568 2233 venitote
601 2172 635 2232 et
668 2168 825 2253 aequitate
856 2167 1047 2254 dijudicent.
1094 2167 1131 2235 Si
1157 2168 1269 2255 itaque

225 2268 358 2333 Samuel
380 2270 417 2334 in
438 2269 657 2335 multitudine
680 2274 715 2334 et
741 2268 917 2335 latitudine
951 2270 1062 2356 populi
1096 2268 1268 2337 Israelitici

223 2392 291 2435 non
327 2370 445 2437 habuit
482 2373 544 2437 sub
580 2393 615 2438 ee
658 2372 856 2437 constitutos
896 2370 1024 2457 judices
1060 2372 1149 2450 alios,
1187 2374 1269 2439 eatis

224 2473 451 2539 manifestetur
480 2474 516 2539 in
547 2474 608 2540 hoc
640 2475 728 2561 quod
758 2475 869 2539 omnia
898 2474 1022 2561 judicia
1055 2475 1269 2542 ecclesiastica

223 2582 300 2641 sunt
322 2578 554 2663 episcoporum,
576 2577 722 2663 exceptis
737 2575 789 2641 his
812 2599 887 2663 quae
909 2577 1082 2663 plenitudo
1096 2578 1268 2663 potestatis

223 2678 347 2744 domini
363 2679 461 2765 Papae
484 2678 547 2744 sibi
570 2678 758 2745 reservavit.
792 2678 830 2743 Si
845 2683 958 2743 autem
972 2677 1090 2743 habuit
1104 2678 1185 2743 alios
1206 2680 1268 2745 sub

223 2803 257 2845 se
279 2782 473 2847 constitutos
491 2779 627 2866 judices,
650 2780 737 2847 sicut
758 2779 936 2845 verisimile
967 2784 1017 2845 est
1056 2800 1131 2844 eum
1165 2779 1266 2846 habu·

222 2882 285 2948 isse
316 2884 352 2948 in
386 2888 481 2949 tante
518 2883 638 2969 populo
675 2881 890 2947 multitudine
921 2888 956 2946 et
988 2880 1166 2947 latitudine
1177 2880 1196 2961 ¹,
1232 2890 1266 2950 et

221 2986 307 3051 sicut
336 2990 465 3051 constat
497 3006 572 3049 eum
603 2983 756 3049 habuisse
779 3006 854 3049 cum
877 2984 987 3049 senuit
997 3008 1012 3063 ;
1030 2983 1148 3069 posuit
1169 2984 1266 3050 caim
1279 2996 1431 3053 rsammii.

223 3095 305 3153 tuac
319 3086 415 3173 filios
436 3108 513 3153 meos
533 3085 664 3172 judices
685 3084 802 3163 Israel,
826 3086 896 3171 ipse
926 3086 1142 3151 nihilominus
1166 3086 1263 3172 jadra
1279 3070 1300 3116 ¹·

221 3214 303 3257 conce
339 3190 449 3257 Israel
482 3190 612 3256 cummis
649 3188 764 3255 dicbus
800 3188 877 3255 oilie
910 3211 993 3269 mccc,
1035 3190 1142 3256 adhuc
1181 3190 1265 3257 illud

220 3296 431 3362 manifestum
455 3300 512 3374 est,
529 3294 607 3380 quia
628 3294 664 3358 in
688 3294 846 3360 Samuelis
867 3294 1015 3361 adventu
1037 3295 1079 3359 ad
1093 3296 1164 3361 loca
1184 3318 1266 3383 prae-

221 3400 317 3477 dicta,
341 3399 410 3485 ipse
433 3397 543 3461 omnia
559 3396 732 3482 judicavit,
755 3396 829 3461 aliie
863 3396 900 3460 in
931 3396 1002 3482 ejus
1032 3398 1208 3484 praesentia
1234 3398 1265 3463 ei

222 3510 380 3587 tanquam
415 3499 574 3586 superiori
596 3499 763 3585 potestati,
787 3519 807 3563 a
829 3520 896 3583 qua
917 3504 953 3563 et
974 3500 1038 3587 ipsi
1068 3505 1264 3587 potestatem

221 3606 422 3689 acceperant,
448 3599 648 3667 cedentibus.
704 3600 779 3687 lpse
817 3600 905 3665 enim
951 3607 1022 3667 erat
1064 3602 1102 3667 in
1144 3602 1265 3690 populo
1278 3618 1378 3670 smne

222 3706 403 3771 Israelitico
426 3704 512 3768 sicut
533 3702 580 3767 sol
603 3702 724 3789 populi,
752 3702 1027 3788 quemadmodum
1050 3709 1084 3770 et
1114 3704 1264 3771 dominus
1276 3701 1431 3803 fflffiss

221 3808 308 3895 Papa
329 3807 366 3872 in
390 3804 569 3871 universali
603 3803 742 3881 ecclesia,
775 3810 809 3869 et
842 3805 1065 3892 unusquisqne
1096 3808 1415 3899 episcopusiteeegthe

220 3911 256 3975 in
277 3930 337 3975 sua
359 3908 498 3975 dioecesi
544 3905 829 3987 Quemadmodum
862 3906 965 3993 igitur
997 3908 1053 3989 sol,
1085 3910 1164 3995 quia
1196 3933 1263 3977 non
1275 3884 1429 4011 {ffffl‘h‘

219 4016 327 4099 potest
349 4010 472 4095 ubique
494 4030 590 4096 super
612 4014 734 4074 terram
756 4008 853 4073 simul
883 4014 918 4074 et
951 4010 1074 4075 eemel⁹
1095 4014 1262 4098 praesenti.
1275 4018 1397 4097 endam

218 4114 315 4179 aliter
346 4113 462 4190 lucere,
501 4110 543 4175 ad
580 4111 790 4177 tenebrarum
827 4112 1057 4199 purgationem
1094 4120 1129 4179 et
1165 4083 1427 4203 temaeissffi·

219 4214 422 4281 nascentium
443 4214 695 4301 vegetationem,
729 4234 770 4278 ne
798 4213 975 4299 aliquando
1008 4221 1121 4281 tamen
1154 4227 1262 4284 careat
1272 4242 1420 4296 Mem

217 4318 328 4407 aliqua
349 4338 426 4403 pare
456 4316 545 4381 orbis
575 4320 738 4380 terrarum
769 4315 886 4382 solatio
907 4316 1052 4395 luminis,
1087 4318 1127 4384 de
1157 4308 1343 4407 pleni-siu·
1353 4312 1418 4377 light

219 4420 334 4487 tudine
355 4418 491 4484 luminis
513 4418 573 4499 sui,
596 4418 687 4483 nullo
708 4438 768 4505 per
789 4417 849 4483 hoo
872 4418 934 4483 sibi
958 4418 1131 4501 diminuto,
1147 4422 1260 4489 lunam
1272 4377 1428 4507 poppe&

253 4758 452 4827 ¹etlcu'tadiae]
470 4758 620 4813 sarcito.
736 4756 741 4825 Ι
795 4754 1104 4825 ²eeum110uac.c.c.
