3500 5784
468 857 532 920 128
790 877 939 930 noannrr
958 879 1188 932 orossnrnsrr

297 1063 407 1142 apuam
464 1045 611 1124 scribere,
646 1049 723 1134 quia
756 1055 875 1118 vestrae
909 1054 1161 1142 magnificentiae
1195 1056 1337 1122 virtutes
1358 1076 1401 1120 ex
1432 1077 1511 1142 quo

296 1129 443 1246 fflgffi·
463 1147 602 1214 rundam
636 1151 703 1216 fido
728 1153 836 1219 relatu
870 1157 948 1220 nori
971 1157 1119 1244 amplius,
1143 1163 1179 1223 ct
1199 1158 1285 1243 quia,
1308 1157 1338 1223 si
1359 1157 1509 1236 recolitis,

297 1263 423 1314 saouthis
462 1249 593 1334 quaudo
615 1251 664 1318 fui
686 1254 936 1324 archidiaconus
958 1257 1215 1338 mnoeamnsis,
1238 1281 1298 1346 pro
1320 1260 1453 1348 speciali
1475 1265 1510 1324 et

296 1330 409 1394 nephec.
462 1351 657 1420 amicissimo
689 1357 771 1422 mihi
805 1357 841 1423 in
876 1359 1010 1428 Christo
1043 1363 1201 1450 magistro
1225 1361 1259 1427 P.
1282 1363 1369 1428 bono
1391 1368 1510 1449 nepote

462 1459 580 1536 vestro,
612 1457 650 1522 in
683 1459 950 1529 archidiaconatu
995 1464 1154 1550 praedicto
1186 1463 1391 1546 beneficiato,
1429 1465 1509 1530 mihi

462 1555 696 1644 subscripsistis
727 1559 921 1630 familiarius
939 1589 947 1645 ;
981 1565 1018 1631 in
1040 1565 1233 1632 familiarem
1256 1566 1361 1653 igitur
1380 1572 1418 1632 et
1439 1589 1508 1655 spe·

461 1657 574 1726 dalem
598 1661 804 1730 dilectionem
826 1687 951 1754 pronus
973 1668 1009 1733 in
1031 1673 1153 1735 tanam
1174 1691 1264 1758 rogo,
1287 1691 1340 1734 me
1362 1675 1507 1736 vastmm

460 1761 645 1846 specialiter
694 1771 805 1834 vestra
848 1769 1007 1858 suscipiat
1049 1771 1203 1858 benignae
1251 1771 1400 1840 mritatis
1443 1793 1508 1837 am-

460 1865 616 1950 plexatio.

895 2091 1072 2158 XXXVII.

330 2273 415 2324 isar?
468 2264 552 2332 Vico
588 2265 775 2332 cmccobili
811 2266 855 2334 ia
900 2266 1034 2335 Uiriato
1069 2267 1251 2335 canusima
1287 2267 1410 2334 Fratri
1430 2269 1506 2336 Rei·

550 2369 689 2448 manau,
707 2369 853 2436 Ordinis
867 2369 1036 2436 Fucinum
1050 2371 1332 2452 Pmdicotcmm,
1348 2371 1507 2438 mann

547 2470 770 2558 permissione
783 2471 910 2538 divino
925 2471 1183 2540 La'rwolraicnsis
1197 2473 1337 2539 ecclesia>
1349 2474 1507 2540 camiaico·

550 2573 704 2653 humilia,
720 2573 1099 2642 casamassancia
1120 2575 1164 2642 ia
1185 2574 1336 2642 Dooaiao
1352 2576 1506 2642 curitalis

549 2675 713 2763 affectunt

295 2858 432 2924 Anqacn
506 2845 578 2912 Etsi
600 2845 713 2912 faciem
740 2851 884 2913 vestram
910 2846 1109 2934 corporalem
1134 2867 1201 2912 non
1223 2846 1412 2926 viderimus,
1440 2869 1504 2913 cre-

294 2925 429 3058 ffygssffl
460 2947 568 3014 dimus
590 2954 703 3014 tamen
724 2949 861 3014 firmiter
883 2971 942 3016 nos
963 2971 1058 3015 nossa
1073 2971 1140 3028 vos,
1156 2950 1235 3037 quia
1248 2971 1293 3014 cx
1312 2949 1379 3014 fido
1401 2952 1505 3015 relatu

293 3058 344 3108 vill
369 3125 375 3138 ι
460 3073 565 3116 mores
587 3057 714 3117 vestros
728 3057 762 3117 et
784 3073 883 3138 opera
897 3049 1123 3138 sapientialia¹
1148 3051 1369 3132 referentium,
1392 3052 1504 3132 faciem

293 3140 436 3242 ffimssss‘i„
459 3153 613 3219 novimus
635 3152 777 3218 hominis
798 3153 902 3220 vestri
917 3152 1103 3234 interioris3
1125 3159 1160 3218 et
1175 3152 1240 3218 nisi
1255 3153 1399 3240 cognitio
1413 3153 1505 3219 faciei

293 3273 431 3309 snsseom-
461 3255 495 3319 ’n
530 3255 556 3319 r'
599 3254 606 3269 ‘
772 3277 853 3320 vera
960 3255 1021 3320 itio
1054 3254 1197 3320 hominis
1229 3255 1342 3321 nullus
1364 3255 1411 3320 sei
1450 3277 1503 3320 um

292 3324 413 3456 ming,
459 3260 625 3424 1vdrirdillld³
640 3260 751 3423 nisdcedt
774 3379 848 3423 cum
869 3276 985 3422 dalida
1007 3356 1173 3444 propriam
1187 3309 1383 3423 dxteriorem
1398 3277 1504 3422 nllrslluu

293 3457 400 3538 12³¹¹⁰⁰¹¹²
458 3461 579 3527 videat
635 3459 738 3526 Vobis
759 3459 863 3548 igitur
884 3481 953 3524 non
974 3460 1069 3545 quasi
1091 3459 1212 3546 ignoto,
1235 3461 1293 3526 scd
1316 3460 1411 3548 quasi
1433 3482 1503 3547 cog-

292 3525 419 3642 ilffi„
457 3563 539 3646 nito,
561 3563 765 3630 confidenter
786 3562 965 3639 scribimus,
987 3562 1056 3627 imo
1077 3562 1189 3650 potius
1214 3563 1309 3650 quasi
1330 3569 1503 3649 praesentas

292 3667 421 3776 mla
458 3687 517 3732 vos
554 3665 758 3752 alloquimur,
797 3687 872 3731 cum
916 3663 1122 3750 conjunctior
1158 3666 1203 3731 sit
1241 3667 1426 3731 animorum
1469 3665 1502 3730 in

291 3741 362 3855 polle,
421 3739 435 3776 ⁰
459 3767 590 3835 Christo
606 3789 675 3834 sess
696 3767 880 3834 amantium
895 3789 996 3854 quam
1017 3771 1127 3854 posset
1148 3788 1217 3833 essa
1239 3789 1411 3855 corporum
1425 3789 1504 3854 pra·

457 3871 573 3937 sentia
634 3869 786 3936 Vestram
823 3870 936 3955 itaque
973 3889 1072 3955 quam
1108 3867 1250 3934 brachiis
1286 3869 1434 3935 caritatis
1468 3869 1503 3933 in

459 3973 590 4041 Cirristo
613 3973 735 4038 arctius
764 3971 997 4064 amplexamur·
1021 3971 1239 4058 praesentiam,
1262 3993 1337 4058 quse
1359 3993 1427 4037 non
1448 3992 1503 4036 ex-

457 4081 568 4164 pectat
583 4075 710 4142 meritis
733 4073 917 4161 praeveniri,
933 4073 990 4138 sed
1004 4074 1151 4160 gratuito
1166 4074 1347 4161 praevenire
1362 4074 1502 4150 festinat,

458 4180 548 4246 omni
580 4199 644 4264 qua
674 4197 845 4264 possumus
867 4175 1042 4242 devotione
1063 4197 1224 4262 rogamus,
1240 4182 1410 4262 quatenus
1431 4177 1502 4242 soli-

458 4282 615 4349 citudinis
646 4279 733 4346 illius
760 4301 859 4365 quam
892 4278 1045 4344 omnibus
1082 4277 1224 4344 ecclesiis
1260 4279 1441 4367 vigilanter
1471 4285 1503 4344 et

457 4385 615 4451 indefessa
647 4405 721 4450 cum
754 4403 882 4446 summa
915 4379 1120 4446 discretionis
1150 4381 1329 4468 prudentia
1357 4382 1503 4468 imperti-

457 4487 549 4569 mini,
572 4483 766 4574 particulam
788 4483 932 4568 aliquam
954 4481 1096 4581 negotiis
1123 4483 1254 4562 nostris,
1275 4483 1343 4548 imo
1365 4483 1501 4549 ecclesiae

771 4765 777 4794 ¹
796 4757 969 4828 rapientialia]
987 4759 1123 4826 sapientia,
1135 4759 1188 4812 sis.
