3500 5784
482 888 547 953 296
807 904 953 955 roseam
976 904 1206 955 onossmssrn

957 1210 1058 1279 XCV.

354 1359 437 1409 ¹2⁴2?
485 1355 658 1439 Romam,
672 1356 739 1424 Dei
750 1358 870 1446 oratio
891 1358 1149 1429 Linooloaieaeie
1171 1361 1370 1451 apocopae,
1393 1363 1526 1431 dileetio

568 1459 612 1527 in
636 1462 769 1532 Uiriato
792 1463 888 1550 fliete
919 1465 1056 1533 Deooao
1085 1472 1115 1533 et
1142 1464 1302 1555 Capitate
1331 1466 1525 1535 Leimone

569 1564 722 1648 aotam
741 1566 903 1653 qratiam,
926 1576 957 1635 ot
978 1566 1254 1637 humaniorem.

312 1721 470 1775 neumae
526 1696 616 1761 Muri
655 1697 819 1765 fortitudo
856 1702 893 1765 et
933 1698 1055 1765 civium
1085 1700 1128 1765 ad
1156 1698 1244 1785 muri
1281 1700 1525 1787 propugnacula

311 1805 457 1908 gum
482 1796 634 1915 prodens,
657 1800 759 1881 fortia,
789 1805 825 1868 et
853 1800 1017 1867 indefessa
1045 1800 1188 1867 defensio
1218 1802 1327 1868 hostes
1355 1808 1468 1869 aroent
1489 1806 1525 1869 et

311 1922 439 1975 emme
481 1900 622 1968 reiciunt
661 1902 820 1985 oonfusoa
851 1903 1049 1991 solvantque
1090 1904 1282 1985 civitatem3
1319 1910 1354 1971 et
1383 1906 1412 1971 ei
1440 1905 1526 1971 forte

311 1990 416 2121 m
425 2052 469 2106 the
481 2023 595 2069 murus
609 2004 654 2071 ait
668 2005 792 2085 debilis,
807 2006 896 2072 adsit
918 2013 1030 2073 autem
1052 2006 1199 2072 virorum
1223 2006 1359 2073 fortium
1382 2007 1525 2073 defensio

311 2128 413 2239 mr
481 2104 707 2194 infatigabilis,
745 2129 813 2174 non
842 2110 967 2175 aooidet
996 2109 1038 2175 de
1067 2108 1155 2175 faoili
1181 2109 1351 2175 civitatem
1380 2110 1523 2175 hostium

311 2254 371 2305 ω
380 2192 455 2305 “⁸⁸⁰
481 2208 609 2275 insultu
623 2210 824 2297 periclitari:
846 2212 875 2277 si
901 2216 1014 2278 autem
1036 2234 1150 2278 murus
1175 2211 1315 2279 fortibus
1340 2217 1450 2279 eareat
1469 2212 1523 2277 de-

311 2319 430 2375 meto.
480 2309 671 2394 feneoribus,
686 2318 974 2401 quantumcunque
997 2314 1094 2381 fortis
1119 2314 1279 2393 videatur,
1296 2314 1355 2380 vix
1368 2318 1428 2381 eut
1452 2316 1524 2379 nul·

479 2412 609 2479 latenas
637 2416 697 2481 diu
726 2416 849 2502 poterit
872 2416 1020 2481 hostium
1048 2416 1203 2502 repellere
1231 2415 1397 2493 incursum
1431 2436 1524 2483 muro

479 2520 591 2581 antem
606 2515 716 2584 disum
730 2518 772 2583 ab
781 2518 939 2598 hostibus,
955 2540 1031 2604 quoe
1046 2538 1119 2605 spes
1133 2518 1249 2585 salutis
1259 2523 1362 2584 restat
1375 2518 1524 2584 civibust

481 2617 662 2705 Ingmente
686 2619 791 2707 igitur
812 2620 995 2686 hostilitate
1016 2619 1104 2685 salue
1126 2620 1272 2685 civitatis
1293 2620 1454 2707 speranda
1473 2626 1523 2686 eet

480 2742 523 2785 ex
544 2722 828 2809 magnanimorum
850 2722 974 2788 oivium
999 2722 1146 2788 animosa
1167 2726 1201 2788 et
1226 2720 1388 2787 indefessa
1415 2722 1523 2811 repul·

480 2822 571 2889 aione
591 2824 746 2891 hostium

522 2925 676 2992 Subitam
705 2932 740 2993 et
772 2925 978 3014 inopinatam
1011 2925 1207 2993 hostilitatis
1229 2926 1445 3014 irruptionem
1467 2926 1521 2992 ad·

476 3048 590 3093 versus
612 3028 791 3102 civitatem.
813 3028 907 3114 eujus
929 3052 988 3096 voe
1019 3028 1099 3095 eatis
1129 3029 1217 3094 civee
1246 3035 1281 3095 et
1311 3050 1371 3117 ego
1401 3052 1520 3110 murus,

476 3130 553 3195 lieet
576 3130 694 3196 debilia
709 3136 744 3196 et
765 3132 925 3211 infirmus,
951 3132 1031 3197 satie
1053 3131 1164 3197 nostia
1210 3131 1295 3198 Cum
1317 3130 1421 3218 igitur
1442 3132 1521 3198 civis

476 3232 626 3318 quilibet,
657 3234 686 3299 si
716 3255 794 3300 vere
825 3234 908 3300 civis
944 3239 996 3300 eet
1027 3238 1061 3299 et
1094 3254 1161 3299 non
1184 3233 1331 3321 degener,
1354 3255 1414 3321 pro
1444 3234 1521 3300 civi·

477 3334 558 3400 totio
587 3335 694 3403 salute
723 3358 792 3401 non
821 3337 927 3402 solum
953 3356 1085 3422 quoquo
1111 3335 1208 3400 modo
1234 3336 1373 3415 affectet,
1405 3336 1462 3401 sed
1488 3340 1521 3401 et

475 3437 641 3503 ferventer
682 3444 810 3517 aestuet,
848 3439 1062 3525 semetipsum
1102 3436 1308 3524 impendere3
1346 3460 1520 3525 speramus,

477 3538 563 3603 siout
599 3543 635 3604 et
679 3562 810 3627 sperare
847 3540 1012 3621 debemus,
1040 3560 1101 3605 voe
1137 3560 1251 3605 omnes
1289 3542 1324 3605 et
1367 3540 1521 3627 singulos,

475 3662 558 3727 quos
579 3640 666 3706 cives
688 3642 849 3707 medimna
870 3664 940 3707 non
955 3642 1136 3729 degeneres,
1151 3642 1209 3706 eed
1229 3641 1396 3728 ingenuos,
1412 3642 1520 3722 fortae,

476 3748 511 3807 et
547 3743 782 3830 magnanimos,
812 3766 872 3831 pro
904 3744 1050 3808 civitatis
1081 3748 1200 3809 vestrae
1231 3742 1337 3809 salute
1374 3744 1410 3807 in
1440 3766 1522 3831 prae

476 3847 563 3912 senti
588 3846 770 3912 hostilitate
803 3846 954 3913 hostibus
976 3845 1108 3911 fortiter
1137 3852 1266 3911 vosmet
1296 3847 1500 3933 opposituros
1511 3873 1521 3929 ;

475 3948 627 4034 quodque
656 3954 779 4034 quanto
810 3947 1024 4014 oonsideratie
1053 3948 1090 4013 in
1116 3947 1262 4013 civitatis
1284 3952 1404 4015 vestrae
1428 3972 1521 4016 muro

475 4050 548 4136 plue
571 4050 760 4129 debilitatio,
791 4056 979 4137 quantoque
1001 4050 1029 4115 ei
1052 4050 1269 4136 praevalerent
1291 4049 1409 4131 hostes,
1432 4052 1522 4138 quod

475 4152 569 4229 absit,
608 4153 741 4238 gravina
778 4151 987 4239 dispendium
1024 4151 1179 4231 civitatis,
1210 4156 1307 4218 tanto
1328 4153 1447 4219 fortius
1475 4155 1521 4221 ed

474 4254 562 4319 muri
584 4259 619 4320 et
641 4254 786 4319 civitatis
809 4254 1031 4320 defensionem
1053 4275 1112 4319 vos
1127 4254 1310 4343 accingetis,
1327 4259 1362 4321 et
1376 4256 1455 4343 quia

587 4398 689 4467 “Non
710 4406 806 4467 nooet
828 4402 968 4467 admisso
991 4400 1130 4467 subdere
1152 4402 1255 4468 calcar
1277 4401 1408 4489 equo,''¹

475 4567 535 4612 voe
556 4546 676 4613 affectu
697 4552 820 4634 quanto
853 4569 1023 4635 possumne
1053 4570 1212 4636 rogamus,
1235 4548 1455 4632 exhortamur,
1487 4559 1524 4619 et

608 4765 617 4796 ¹
634 4766 709 4818 Ovid.
720 4766 799 4832 Epist
811 4782 844 4818 ex
855 4766 946 4831 Ponto,
957 4768 1001 4821 lib.
1013 4774 1037 4830 2,
1047 4767 1081 4819 vi.
1092 4774 1134 4833 38,
1145 4768 1229 4821 where
1239 4766 1276 4819 nil
1285 4770 1324 4821 for
1333 4786 1388 4821 non.
