3500 5784
457 851 522 923 174
782 867 928 918 nonaum
951 867 1178 918 cnoesrrnsru

454 1061 475 1102 a
496 1038 716 1126 corporalibus
737 1039 978 1128 voluptatibue‚
1001 1045 1036 1107 et
1065 1041 1188 1128 ceipeoe
1220 1039 1326 1106 adhuc
1349 1040 1387 1104 in
1408 1060 1502 1104 carne

453 1141 613 1222 viventes,
637 1163 696 1229 per
717 1143 825 1208 camis
839 1144 1092 1216 macerationem
1107 1141 1313 1220 mortificare,
1337 1147 1374 1208 et
1395 1141 1503 1207 sobria

453 1243 596 1328 quadam
640 1245 772 1312 insania
808 1247 984 1334 prmaentia
1021 1247 1108 1312 bona
1145 1245 1330 1312 descrentes
1363 1245 1502 1310 transire

451 1368 578 1433 semper
599 1347 642 1413 de
657 1349 752 1414 bocia
772 1349 860 1414 ucria
882 1349 925 1416 ad
952 1349 1094 1427 meliora,
1117 1334 1219 1434 uaquc
1242 1369 1308 1434 quc
1329 1347 1503 1434 attigerint

451 1471 587 1516 aumma
632 1449 695 1516 Eat
721 1451 808 1516 enim
830 1452 903 1518 vita
933 1451 1131 1530 monachica,
1155 1457 1195 1516 ut
1226 1450 1331 1532 aiunt,
1355 1449 1501 1516 omnium

451 1551 669 1638 perfectorum
701 1551 933 1620 excellenticr¹
959 1555 1046 1632 ordo,
1075 1553 1262 1620 omnimoda
1278 1555 1406 1620 virtute
1428 1575 1502 1640 pur·

450 1661 547 1740 gatus
569 1662 604 1722 et
625 1656 831 1742 propriorum
856 1679 992 1744 operum
1015 1659 1177 1737 castitate,
1200 1660 1445 1722 consummatus
1466 1656 1500 1724 in

451 1759 542 1823 omui
564 1759 860 1839 administratione,
889 1761 1037 1826 elevatus
1059 1761 1096 1824 in
1127 1759 1383 1846 specrrlationcm
1407 1759 1501 1824 intei-

449 1860 630 1938 leotualem,
653 1866 689 1928 et
714 1883 879 1928 eaororum
901 1863 1148 1951 principatuum
1179 1861 1367 1949 perfectivis
1396 1861 1500 1926 virtu·

450 1962 541 2028 tibue
562 1965 812 2051 comprehensus
834 1973 869 2032 et
891 1966 1014 2030 divinia
1041 1967 1186 2052 ipsorum
1208 1963 1444 2051 splendoribus,
1467 1969 1501 2030 et

452 2064 660 2132 hierarchicis
692 2067 931 2133 traditionibus
970 2067 1113 2144 edoctus,
1152 2073 1187 2132 et
1219 2067 1255 2132 in
1288 2089 1413 2132 sacram
1447 2067 1500 2131 ad-

452 2169 729 2236 ministrationem
765 2175 801 2236 et
832 2193 932 2236 sacrae
964 2170 1109 2236 scientiae
1140 2168 1319 2234 eorundem
1353 2191 1499 2236 coneum-

450 2279 575 2338 matam
608 2271 838 2358 perfectionem
860 2273 1027 2360 analogice
1060 2273 1226 2340 deductus.
1273 2271 1363 2338 Hinc
1396 2272 1500 2338 divini

451 2376 549 2441 ducce
571 2375 806 2441 monachorum
820 2375 1161 2462 cognominationibus
1183 2375 1283 2441 saerie
1307 2397 1362 2440 ece
1385 2375 1499 2462 dignos

451 2482 699 2566 reputaverunt,
715 2483 751 2543 et
765 2477 802 2542 hi
816 2477 951 2564 quidem
966 2478 1141 2544 monachos
1164 2501 1220 2544 eos
1237 2478 1498 2544 nominavenmt

453 2581 523 2646 Alii
560 2586 672 2647 cutem
706 2581 929 2668 Therapeutaa
965 2587 1174 2648 vocaverunt.
1236 2581 1281 2646 Et
1322 2581 1499 2646 secundum

453 2684 692 2750 derivationem
723 2690 758 2750 ct
798 2685 1066 2770 compositionem
1105 2685 1212 2750 Graeci
1246 2685 1404 2750 sermonis
1434 2707 1500 2750 mo

453 2786 576 2853 nachue
608 2787 730 2852 dicitur
758 2809 779 2850 a
809 2787 901 2868 μόνος,
935 2787 1023 2873 quod
1046 2793 1097 2852 cet
1118 2787 1219 2866 cclcc,
1243 2793 1277 2853 et
1308 2789 1389 2872 εὐχὴ,
1414 2787 1499 2872 quod

453 2897 505 2957 eet
538 2888 648 2956 oratio
669 2889 740 2962 sive
762 2896 887 2968 cotum,
912 2890 1005 2978 quasi
1029 2891 1247 2972 moneuchus3
1281 2912 1319 2956 eo
1341 2891 1429 2979 quod
1458 2891 1499 2958 ad

454 2993 650 3062 monachum
671 2991 818 3082 pertinet
849 2999 889 3058 ut
911 2993 1000 3060 eolus
1022 2999 1101 3060 oret.
1147 2993 1298 3064 Pertinet
1339 2994 1427 3058 enim
1458 2994 1498 3058 ad

288 3119 403 3172 inm,
416 3095 606 3173 [monachi
637 3097 794 3176 studium,
828 3102 868 3161 ut
899 3095 975 3162 ciue
1008 3096 1266 3164 intaminatum
1303 3102 1374 3164 occi
1411 3095 1498 3160 omni

288 3192 373 3248 ¹⁷³⁸·
453 3205 600 3286 tempore
622 3199 660 3262 in
681 3199 811 3285 spiritu,
841 3197 886 3264 irc
908 3198 1069 3265 cremitae
1089 3199 1222 3286 proiice
1248 3221 1358 3283 aparte.
1405 3198 1499 3278 Quod

455 3306 493 3366 ut
507 3301 607 3366 faciat
628 3300 665 3365 in
687 3301 834 3387 puritate
856 3325 923 3387 qua
945 3302 1108 3380 convenit,
1125 3305 1255 3388 oportet
1278 3306 1318 3366 ut
1339 3301 1427 3366 solur
1448 3301 1498 3380 ait,

452 3407 642 3492 segregatae
673 3403 828 3470 videlicet
860 3405 981 3492 spiritu
1015 3409 1050 3471 ct
1071 3409 1182 3472 mente
1214 3403 1333 3490 quibua
1365 3409 1439 3470 orat
1467 3409 1500 3469 et

452 3507 565 3594 paellit
585 3528 607 3571 a
627 3507 728 3572 turba
749 3505 1029 3594 phantasmatum,
1060 3507 1298 3594 cogitationum
1321 3505 1500 3572 otiosarum

394 3657 400 3667 .
451 3616 486 3675 et
508 3609 686 3688 inutilium,
710 3609 956 3676 immundarum
979 3615 1014 3676 et
1035 3611 1217 3686 noxiarum,
1242 3613 1277 3674 et
1298 3609 1500 3696 impurorum

451 3717 487 3778 et
517 3711 782 3778 inordinatorum
813 3713 998 3791 affectuum,
1033 3719 1073 3780 ut
1107 3713 1177 3800 ipae
1208 3712 1309 3782 etiam
1340 3712 1387 3780 ait
1408 3735 1501 3780 mun-

451 3813 574 3880 datna'
596 3815 640 3880 ab
662 3815 754 3881 omni
775 3837 810 3880 re
832 3815 1001 3883 mundana
1031 3819 1067 3882 et
1088 3816 1287 3882 transitoria
1333 3816 1385 3882 Ne
1408 3817 1500 3902 quasi

451 3918 516 3984 eibi
545 3907 742 3985 mutent
773 3918 922 3984 exterius
953 3917 1070 3988 habita
1091 3919 1145 3984 vel
1176 3919 1350 4007 concupita
1384 3919 1501 3986 tranei-

449 4021 544 4098 toria‚
567 4025 628 4086 aut
649 4020 788 4088 interius
808 4020 959 4107 impurus
990 4027 1024 4086 et
1044 4020 1253 4088 inordinatue
1275 4021 1421 4099 affectue,
1444 4024 1503 4088 out

450 4123 660 4190 tumultuans
696 4122 936 4208 cogitationum
974 4122 1081 4202 turba
1117 4144 1184 4190 non
1220 4123 1264 4190 ait
1301 4123 1402 4190 etiam
1433 4124 1502 4212 ipae

450 4228 514 4296 eibi
551 4247 703 4315 precem,
725 4225 805 4292 aed⁸
826 4231 932 4294 aemet
955 4227 1063 4314 ipsum
1086 4227 1260 4314 abnegans,
1294 4230 1328 4292 et
1361 4226 1501 4314 propria

487 4576 673 4644 'medantiod
703 4577 834 4641 excelsior,
854 4575 955 4638 c.c.c.,
1036 4577 1326 4644 'mundamjrrudatua
1339 4577 1438 4640 0.0.C.‚
1450 4577 1498 4630 0¹.

452 4656 503 4710 0¹.
1037 4657 1048 4688 ⁸
1063 4656 1120 4724 rod]
1138 4671 1188 4710 om.
1200 4657 1355 4722 0.c.c.‚02
