3500 5784
673 865 853 917 mrsronn
1221 847 1285 912 145

237 1041 385 1108 caritatis
407 1041 512 1122 ardor,
547 1064 568 1108 a
599 1041 738 1108 dicenda
759 1041 909 1107 veritate.
955 1038 1029 1105 Soio
1062 1042 1097 1104 81
1127 1037 1288 1104 veraciter

237 1144 311 1222 seio,
344 1144 471 1210 domini
494 1145 591 1232 Papee
623 1150 657 1211 et
688 1150 810 1210 sanotae
841 1144 998 1209 Romanae
1030 1140 1170 1207 eooleeiae
1202 1139 1288 1205 hano

236 1268 305 1311 esse
327 1251 533 1334 potestatem,
561 1252 600 1312 ut
631 1246 672 1312 de
702 1246 854 1312 omnibus
875 1245 1043 1310 benefieiis
1065 1241 1288 1308 ecelesiasticis

236 1347 338 1414 libere
374 1349 478 1436 possit
515 1350 673 1416 ordinare.
734 1348 808 1415 Soio
845 1368 975 1434 quoque
1012 1344 1100 1432 quod
1138 1345 1287 1431 quisquis

237 1449 389 1516 abutitur
418 1452 479 1516 hae
512 1455 684 1538 potestate,
720 1448 862 1516 aedifioat
896 1449 939 1512 ad
969 1448 1081 1535 ignem
1111 1446 1288 1534 gehennae3

232 1551 304 1618 ,seio
336 1551 435 1618 etiam
467 1553 555 1639 quod
590 1553 650 1618 hae
680 1555 847 1638 potestate
877 1549 1039 1630 abutitur,
1063 1548 1212 1634 quisquis
1244 1547 1288 1612 ad

238 1653 315 1719 fidei
344 1659 380 1720 et
408 1655 556 1720 ueritatis
578 1654 817 1742 promotionem
847 1672 887 1716 ea
915 1673 983 1716 non
1005 1649 1407 1729 utitur3soioin-1ntera

238 1777 336 1842 super
380 1755 470 1842 quod
512 1777 587 1821 oum
630 1755 790 1820 benefioia
833 1753 1048 1819 ecclesiastiea
1091 1753 1289 1817 auctoritate
1300 1730 1460 1864 32⁰3ng

239 1857 441 1942 potestativa
484 1857 706 1936 conferuntur,
744 1878 813 1921 non
849 1855 1007 1942 requisito
1044 1855 1136 1941 prius
1178 1859 1456 1940 patro-patronem

239 1981 357 2025 norum
379 1982 521 2040 assensu,
538 1961 679 2025 maxime
701 1957 834 2044 quando
853 1957 895 2022 de
916 1956 1004 2021 facili
1025 1961 1135 2043 posset
1156 1955 1288 2040 requiri,
1301 1933 1448 1997 ⁰⁰¹5⁶⁸¹¹⁸⁶

240 2061 388 2126 omnium
421 2062 591 2128 teterrima
622 2060 697 2127 odia
729 2060 766 2124 in
799 2081 834 2125 se
866 2062 1046 2145 provooant
1078 2056 1289 2137 conferentes,

239 2167 460 2248 praeterquam
497 2183 618 2240 eorum,
657 2160 777 2248 quibus
818 2159 901 2226 tolia
936 2160 1119 2242 conferunt,
1160 2164 1195 2224 et
1231 2158 1290 2244 qui

241 2268 397 2350 patronos
418 2264 650 2330 beneficiorum
672 2263 718 2328 sio
740 2262 933 2328 collatorum
955 2263 1080 2328 odiunt.
1125 2262 1188 2326 Est
1202 2261 1291 2326 enim

241 2365 301 2432 hoo
322 2366 470 2452 patronis
492 2365 677 2432 verecunda
698 2363 852 2442 eonfusio,
876 2363 970 2429 dolor
992 2385 1102 2430 eorum
1126 2364 1184 2449 qni
1204 2363 1293 2448 ipsos

243 2466 403 2554 diligunt;
448 2473 483 2534 et
519 2468 578 2554 qui
615 2489 669 2532 eos
707 2467 833 2544 odiunt,
871 2465 1028 2552 gaudent,
1066 2465 1225 2544 derident,
1257 2470 1292 2529 81

243 2569 462 2656 exprobrant3
483 2573 519 2634 81
540 2569 587 2634 818
608 2567 697 2634 oedit
719 2566 871 2632 omnibus
893 2569 930 2632 iu
951 2567 1149 2633 scandalum.
1195 2565 1292 2646 Quod

243 2693 342 2756 quam
378 2693 479 2758 grave
516 2671 570 2752 811,
607 2692 676 2736 non
712 2691 794 2756 opus
831 2675 882 2734 est
918 2669 1170 2734 admonendmu.
1214 2667 1293 2732 Non

243 2772 345 2859 igitur
376 2794 435 2858 per
468 2772 554 2838 hano
587 2772 676 2837 viam
710 2770 895 2838 aedifioatur
924 2770 1064 2849 eeclesia,
1100 2770 1157 2836 sed
1188 2769 1294 2855 magis

244 2874 442 2954 destruitur-3
487 2897 555 2940 non
598 2879 834 2961 promoventur
879 2873 961 2938 fides
997 2879 1034 2938 et
1070 2873 1198 2951 caritas,
1237 2871 1294 2936 sed

245 2975 457 3061 repelluntur,
481 2986 515 3042 et
537 2981 651 3042 eontra
677 2975 870 3040 mandatum
893 2973 1049 3060 principis
1063 2972 1294 3060 Apostolorum

246 3079 327 3142 item
349 3079 523 3157 monentis,
547 3085 586 3143 ut
608 3076 739 3164 praelati
762 3077 830 3142 sint
853 3097 928 3141 ooo
949 3082 991 3140 ut
1013 3075 1231 3140 dominantes
1252 3074 1461 3138 iurPetve.

246 3179 337 3258 olere,
361 3180 418 3246 eod
448 3179 573 3265 forrum
597 3178 687 3266 faeti
710 3177 805 3264 prepi
830 3199 869 3245 eoo
899 3178 1027 3244 autom.
1072 3177 1151 3242 Non
1180 3177 1296 3242 debuit

246 3281 359 3367 igitur,
393 3282 421 3346 81
452 3281 565 3368 plaoet,
589 3287 709 3346 vestrae
742 3280 931 3345 sanctitatis
953 3280 1129 3367 prudentia
1161 3279 1231 3344 haee
1262 3285 1297 3344 et

246 3383 435 3470 hujusmodi
457 3385 640 3462 attendens,
657 3381 797 3448 eoolesiae
818 3404 900 3448 meae
920 3382 1130 3469 praebendam
1151 3384 1222 3448 sine
1244 3403 1297 3447 me

248 3486 450 3566 conferendo,
485 3508 592 3552 meam
623 3485 822 3573 parvitatem
858 3485 954 3550 vobis
985 3484 1231 3550 devotissimam
1262 3491 1297 3550 et

249 3588 547 3655 obedientissimam
584 3588 775 3665 confudisse,
815 3587 999 3675 praesertim
1036 3610 1110 3653 oum
1147 3594 1297 3675 paratam

249 3713 375 3778 semper
418 3691 590 3757 habuerim
627 3695 661 3756 81
698 3691 838 3757 habeam
874 3689 1089 3770 voluntatem,
1128 3691 1165 3756 in
1201 3696 1298 3756 tanto

250 3801 410 3879 quantum
432 3794 524 3860 valet
545 3794 603 3859 illa
625 3793 801 3882 praebenda
830 3797 864 3858 et
894 3793 995 3858 etiam
1024 3795 1061 3858 in
1083 3793 1178 3880 pluri,
1202 3793 1300 3859 alicui

251 3897 290 3962 de
325 3896 454 3977 vestris,
481 3918 549 3962 non
585 3902 715 3962 mactus
752 3895 795 3960 ad
832 3917 941 3961 meam
976 3900 1013 3962 et
1045 3898 1187 3963 eoelesiae
1215 3896 1299 3960 mihi

251 3999 428 4064 commissae
465 3998 694 4077 confusionem,
733 3999 792 4063 sed
835 4004 1035 4085 spontaneus
1071 3998 1114 4063 ad
1152 3999 1300 4064 caritatis

251 4101 510 4182 aedifioationem,
547 4100 729 4166 liberaliter
753 4099 942 4188 providere3
978 4099 1056 4165 lieet
1088 4105 1164 4188 post
1194 4123 1300 4165 meam

251 4205 526 4270 consecrationem
570 4204 607 4268 in
652 4204 847 4291 episcopum,
897 4223 999 4290 nepos
1044 4203 1168 4268 domini
1203 4203 1301 4290 Papae

251 4311 420 4392 promotus
434 4308 479 4372 sit
493 4307 530 4372 in
544 4327 645 4370 unam
660 4306 701 4370 de
716 4305 849 4392 optimis
864 4305 1049 4392 praebendis
1065 4305 1301 4372 Linoolniensis

252 4408 399 4474 eoolesiae.
444 4408 500 4474 Ad
521 4408 619 4496 pedes
641 4408 744 4494 igitur
759 4413 878 4474 vestrae
900 4409 1087 4474 sanctitatis
1108 4408 1303 4494 provolutus

251 4511 390 4597 supplex
411 4533 499 4598 rogo,
534 4515 574 4576 ut
606 4515 718 4576 vestra
748 4511 937 4598 benignitas
970 4533 1063 4576 suam
1096 4511 1193 4576 dietae
1219 4532 1304 4598 prae-

251 4613 368 4680 bondae
390 4613 599 4680 oollationem
620 4605 760 4694 revooet,
795 4637 837 4679 ne
868 4618 1029 4700 tanquam
1062 4613 1304 4701 abjectissimus

253 4716 400 4783 omnium
433 4737 455 4784 a
486 4721 598 4783 restra
619 4715 795 4782 dilectione
814 4713 930 4782 faeiem
959 4737 1065 4783 meam
1086 4717 1131 4782 ad
1153 4739 1222 4798 vos,
1244 4720 1306 4782 aut

1145 4837 1172 4886 K
