3500 5784
676 837 856 888 EPISTOLAE.
1228 824 1291 886 441

243 1015 489 1104 spoponderunt
524 1013 562 1078 in
601 1012 709 1102 Ipsius
741 1012 918 1100 praesentiu
955 1031 1036 1098 opus
1078 1009 1160 1097 Ejus
1190 1009 1296 1078 facere

242 1121 326 1186 droa
354 1117 539 1184 animarum
569 1137 689 1193 curam,
713 1137 795 1202 quas
829 1115 891 1182 sub
923 1118 1020 1180 tanta
1052 1114 1296 1181 examinatione

242 1220 433 1300 dilectionis,
457 1225 528 1286 tum
558 1217 767 1285 formidolosa
788 1217 984 1297 conditione,
1016 1217 1180 1284 commisit
1201 1216 1296 1284 vobis

242 1322 443 1412 pascsndnsl
480 1321 524 1386 In
555 1341 693 1410 persons
723 1319 880 1408 principis
901 1318 1134 1406 Apostolorum
1155 1340 1295 1408 spopon-

242 1426 364 1493 derunt
385 1445 499 1490 omnes
522 1445 593 1488 rem
619 1422 739 1488 mmmi
761 1421 968 1502 discriminis,
984 1421 1140 1510 stupendi
1154 1423 1295 1509 pavoris,

243 1551 278 1596 ss
299 1547 510 1616 responsuros
532 1526 568 1590 in
590 1527 767 1612 praesentia
788 1525 918 1592 Judicis
943 1525 1101 1612 praedicti.
1146 1524 1296 1613 Spopon-

244 1630 365 1697 derunt
394 1649 514 1707 curare,
541 1633 575 1694 et
611 1627 758 1694 uwutc'tc
794 1634 841 1694 ac
877 1627 1053 1714 iniquitas
1083 1626 1158 1694 sci.
1205 1627 1295 1710 Quid
1308 1639 1436 1692 Pauci.

244 1732 366 1800 oscus
402 1737 482 1798 sunt
518 1730 636 1809 mices,
671 1730 728 1817 qui
759 1730 893 1818 propria
923 1730 1093 1796 commoda
1126 1735 1295 1809 manus,
1313 1712 1350 1758 ¹2

245 1833 398 1901 delectati
424 1832 532 1920 [sunt]
567 1832 761 1920 pompaticis
783 1833 971 1914 honoribus,
1005 1838 1041 1899 at
1072 1833 1175 1900 illecti
1197 1833 1297 1899 loedis

244 1936 479 2026 voluptatibus,
495 1957 570 2002 cum
586 1937 706 2002 misera
728 1939 762 2002 et
780 1934 988 2002 detestabilis
1009 1935 1186 2023 impiorum
1200 1935 1296 2003 nudi·

246 2046 297 2107 tas
312 2038 510 2127 apparebit?
554 2038 828 2105 Personarumet
850 2060 969 2120 rerum,
985 2060 1126 2124 quarum
1147 2060 1236 2106 nunc
1250 2039 1298 2104 eis

245 2148 296 2208 est
312 2141 467 2228 jocunda,
492 2142 668 2230 praesentia
698 2146 779 2208 tuuc
810 2161 981 2227 nunquam
1011 2141 1190 2229 apparebit,
1215 2141 1297 2208 scla-

246 2245 332 2311 tium
353 2262 450 2310 omne
472 2243 616 2331 effirgict,
638 2243 807 2310 excusatio
830 2243 989 2330 quaelibet
1002 2242 1239 2324 exsufflabitur,
1262 2251 1297 2311 et

246 2346 374 2412 nullum
397 2345 530 2434 penitus
551 2344 731 2412 remedium
754 2345 934 2434 apparebit,
979 2345 1135 2414 Clamant
1155 2347 1297 2433 qualiter

247 2469 409 2538 praeconcs
435 2447 514 2534 ejus,
537 2447 715 2514 clamamus
737 2452 773 2515 et
794 2469 854 2514 nos
883 2457 1044 2535 praesente
1066 2449 1196 2537 scripto,
1219 2449 1297 2516 licet

247 2553 322 2618 rudi
359 2555 394 2616 et
431 2550 658 2637 incomposito,
690 2554 726 2616 ct
762 2571 784 2615 a
820 2550 935 2617 multis
972 2556 1121 2617 vestrum
1157 2551 1298 2618 forsitan

247 2652 504 2734 contemncnd0;
533 2650 592 2718 sed
625 2651 716 2718 Deus
747 2653 863 2738 utique
896 2674 965 2718 non
1001 2653 1165 2720 irridetur.
1223 2653 1299 2720 Ola-

248 2777 374 2822 mamus
411 2760 451 2821 ut
483 2754 538 2821 vel
570 2775 659 2822 nunc
693 2755 971 2843 expergiscamini,
1009 2761 1050 2822 nt
1087 2756 1161 2822 sitis
1181 2756 1298 2845 vigiles

248 2860 291 2926 ud
313 2879 394 2946 opus
416 2861 630 2944 assumptum,
654 2862 694 2924 ut
716 2863 849 2944 usurus
870 2857 1050 2925 reducatis
1070 2859 1234 2938 ammaum
1258 2864 1298 2926 ut
1312 2875 1378 2942 Epo.
1390 2891 1415 2929 v.
1431 2881 1468 2928 lo.

248 2961 416 3049 placatum
437 2959 616 3026 invenietis
638 2981 681 3026 ex
697 2965 791 3048 parte
813 2960 926 3047 aliqua
946 2960 1100 3028 Judicem
1125 2961 1197 3049 jum
1214 2961 1300 3049 jam-

249 3087 312 3151 que
348 3067 537 3130 venturum.
598 3061 771 3130 Nescimus
808 3063 967 3150 quamdiu
998 3064 1214 3144 subsistimus,
1246 3065 1300 3132 vel

249 3189 293 3231 en
331 3169 406 3253 post
438 3164 604 3230 modicum
642 3165 739 3232 tollat
772 3186 833 3232 nos
866 3165 988 3232 Factcr
1018 3171 1137 3243 noster.
1199 3167 1301 3234 Obse-

249 3290 378 3334 cramus
398 3269 480 3334 totis
501 3267 674 3334 affectibus
697 3272 731 3335 et
756 3268 885 3334 intimis
918 3268 1025 3334 cordis
1046 3268 1234 3349 visceribus,
1258 3292 1301 3337 ns
1415 3258 1421 3270 ⁸

248 3391 317 3452 vos,
343 3369 402 3457 qui
439 3369 501 3435 filii
530 3369 594 3435 Dei
628 3391 686 3458 pro
720 3369 824 3437 officio
854 3371 1062 3459 reputamini,
1091 3373 1180 3438 inter
1215 3373 1301 3440 filios

250 3471 367 3537 mundi
400 3471 481 3536 hora
503 3471 684 3560 repentinus
706 3472 906 3538 calamitatis
936 3473 1105 3556 involvat3
1137 3497 1179 3541 nc
1211 3475 1302 3541 ultor

251 3573 437 3661 iniquitatis
458 3573 589 3662 gladius
618 3575 807 3662 contagium
838 3579 945 3642 tantae
977 3576 1195 3665 corruptionis
1228 3578 1302 3644 dira

251 3675 443 3764 contagione
465 3675 595 3757 daleut3
616 3697 659 3742 nc
681 3681 786 3744 tuntae
808 3677 911 3765 pestis
933 3679 1144 3745 infectionem
1165 3679 1302 3747 devoret

250 3779 368 3846 acriter
397 3778 530 3844 flamma
561 3799 667 3844 vorax
696 3778 836 3867 firlguris
868 3782 1075 3849 coruscantis
1119 3782 1299 3870 Assurglte,

250 3881 465 3959 dilectissimi,
498 3880 660 3968 assurgite
697 3887 731 3948 et
767 3882 905 3971 vigilate
943 3885 1027 3951 circa
1048 3905 1108 3950 vos
1145 3891 1180 3952 ct
1216 3886 1301 3952 circa

250 4005 382 4071 gregem
404 3983 517 4048 ovium
537 3989 724 4050 vestrarum
736 4007 746 4067 ;
770 3985 895 4073 pascite
927 4007 990 4066 eas,
1013 3987 1099 4052 sicut
1129 3987 1298 4068 tenemini,

251 4085 352 4152 verbo
373 4085 461 4164 vstae,
484 4086 606 4171 pascite
632 4087 782 4175 exemplo
803 4089 885 4155 vicae
918 4093 954 4155 et
985 4095 1188 4155 sacramento
1209 4091 1298 4157 vitae.

251 4188 307 4255 Ad
329 4188 398 4270 hoc,
422 4187 588 4266 assini,
615 4189 829 4278 proculdubio
861 4191 1024 4258 tenemini
1057 4194 1237 4281 sponsione,
1259 4197 1300 4259 ut

250 4289 376 4357 dictum
410 4294 468 4367 est
499 4309 597 4377 super
630 4291 690 4358 hoc
720 4292 807 4360 facto
840 4295 902 4360 sub
935 4295 1104 4363 tremendo
1135 4293 1200 4362 Dei
1226 4317 1302 4362 con·
1441 4313 1444 4320 ·

251 4398 372 4482 speetu
434 4391 541 4474 Quum
585 4393 708 4462 multos
745 4395 879 4462 vidistis
914 4397 951 4461 in
989 4397 1105 4464 mediis
1149 4399 1302 4486 periculis

250 4500 361 4582 raptos
396 4493 516 4560 fuisset
556 4501 573 4530 “
586 4493 723 4562 Faciant
766 4520 826 4567 vos
862 4498 934 4564 visu
977 4501 1121 4586 pericula
1164 4501 1303 4568 cautcs”

252 4597 383 4663 Reddat
422 4618 482 4662 vos
525 4597 625 4664 timor
670 4599 804 4665 Domini
856 4601 1006 4681 solicitos,
1051 4607 1086 4669 et
1130 4601 1303 4670 discrimen

253 4701 419 4787 proprium
441 4699 620 4766 timoratos.
