3500 5784
696 886 881 935 nnrsronn
1253 874 1317 935 125

268 1057 372 1147 ipsius
393 1065 521 1136 nutum,
546 1057 604 1143 qui
627 1077 694 1121 non
717 1056 876 1122 statuitur
899 1057 935 1123 in
967 1058 1072 1144 gradu
1105 1058 1231 1143 prioris,
1264 1056 1321 1121 sed

269 1163 305 1226 in
331 1162 437 1249 grudu
467 1161 583 1247 primo,
614 1158 652 1223 in
685 1158 754 1224 loeo
787 1159 941 1225 videlicet
973 1159 1074 1239 Petri,
1091 1160 1320 1247 Apostolorum

270 1264 422 1350 orbisque
436 1263 541 1329 totius
555 1260 718 1349 principis.
765 1261 810 1325 Et
824 1262 903 1347 quio
917 1262 1019 1327 enimi
1033 1262 1100 1327 mei
1114 1262 1321 1327 devotionem

270 1366 421 1432 nondum
457 1364 631 1431 ostendere
667 1364 779 1450 potuit
814 1370 936 1430 vestrae
981 1364 1163 1443 sanctitati,
1201 1363 1322 1429 loboris

271 1468 409 1554 elioujus
440 1465 588 1555 impositi
622 1465 779 1531 obediens
808 1472 844 1533 et
873 1473 971 1553 grets
992 1466 1173 1554 assumptio
1195 1466 1251 1531 vel
1272 1488 1322 1530 ss-

271 1571 396 1657 snmpti
438 1569 560 1635 laboris
596 1590 656 1655 pro
686 1568 813 1633 viribus
849 1569 1027 1655 parvitatis
1064 1591 1145 1635 meso
1184 1568 1323 1655 diligens

141 1710 145 1717 -
270 1673 453 1754 executio;
495 1672 533 1737 in
569 1671 699 1737 devotus
746 1670 959 1756 subjectionis
995 1671 1113 1737 saltem
1150 1669 1322 1758 psrvulsm

269 1774 498 1855 ostensionem,
521 1774 610 1860 quod
638 1794 770 1861 possum
792 1773 884 1852 feoio,
908 1773 1138 1839 munusculum
1165 1771 1321 1838 videlicet

270 1877 444 1954 modinum,
478 1875 624 1941 maximo
655 1875 790 1941 mittere
823 1875 981 1941 minimus
1012 1875 1216 1941 confidenter
1237 1895 1321 1961 prse-

270 2000 384 2059 sum03
415 1977 520 2044 soiens
540 1977 702 2044 veraciter
723 1978 810 2064 quod
833 1983 954 2043 vestrso
979 1975 1188 2044 sanctitutis¹
1211 1998 1323 2063 super-

272 2082 419 2146 eminens
448 2081 568 2146 caritas
601 2102 669 2146 non
705 2080 868 2167 ponderet
903 2080 1027 2146 donum
1061 2102 1103 2145 ex
1134 2080 1219 2145 mole
1255 2100 1324 2144 suso

270 2182 517 2268 magnitudinis,
541 2182 598 2247 sed
620 2204 663 2247 ex
684 2182 811 2247 sincera
834 2181 1012 2248 devotione
1034 2182 1198 2261 donantis,
1218 2202 1322 2267 qusn-

270 2306 369 2370 qusm
392 2290 497 2350 tantm
519 2284 695 2371 potestatis
716 2285 887 2350 sanctitati
911 2284 960 2349 nil
983 2290 1134 2370 reputem
1156 2306 1209 2349 me
1231 2305 1324 2370 posse

271 2388 349 2451 dure
371 2386 465 2473 quusi
487 2386 528 2451 do
550 2386 663 2464 alieno,
698 2387 755 2452 sed
785 2388 892 2452 solnm
922 2386 1037 2452 offerre
1068 2387 1162 2452 velut
1193 2409 1235 2451 ex
1265 2407 1324 2451 suo

272 2490 410 2575 proprio.
465 2488 731 2555 Incolumitutem
762 2496 907 2555 vestrum
940 2495 1111 2555 conservet
1133 2489 1323 2555 Altissimus

272 2591 354 2655 mihi
400 2596 435 2657 ot
479 2591 620 2659 eudesius
657 2614 725 2658 suae
756 2598 877 2659 ssnotae
923 2614 980 2679 per
1024 2598 1175 2678 temporo
1218 2592 1322 2677 longo.

272 2694 385 2759 Amen.

711 3100 872 3169 XXXVI.

278 3320 473 3389 Veuerubiti
493 3318 538 3387 in
573 3319 709 3387 Christo
736 3322 837 3407 putri
867 3322 1009 3389 destino
1044 3324 1322 3409 Epidio,sos1wtoe
1370 3340 1456 3390 usos?

360 3424 528 3489 emimus
541 3422 680 3488 coeunte
698 3422 893 3504 Ourduwlo',
916 3424 1080 3493 Bobertus
1097 3428 1323 3514 permissione

363 3525 490 3593 divino
526 3524 785 3592 sumtuum
816 3528 956 3594 occheim
978 3528 1138 3597 minister
1167 3530 1323 3613 liuntur,

361 3628 505 3694 satutem
518 3634 550 3693 et
563 3648 669 3714 qswan
690 3616 837 3695 debitum
858 3633 931 3696 tom
954 3630 1104 3699 deuotum
1125 3654 1204 3701 oum
1225 3634 1325 3701 omui

359 3730 482 3797 horrore
502 3730 732 3798 metuentium.

318 3890 412 3958 Siout
426 3913 524 3979 super
544 3892 660 3958 mundi
675 3892 824 3958 cardines
839 3894 983 3961 mundus
1007 3895 1174 3974 innititur,
1199 3918 1323 3964 eorum·
1336 3914 1384 3967 His
1395 3932 1471 3968 vene-

274 4012 337 4077 qus
362 3992 531 4059 fulcimine
560 4000 783 4082 supportatur,
807 4002 846 4060 ut
868 3997 995 4083 opinati
1026 4004 1106 4064 sunt
1131 4006 1166 4065 et
1188 3984 1469 4101 εοτίρεε-ζξῗᾚ

273 4099 355 4160 runt
393 4117 477 4182 quos
514 4096 631 4161 mundi
663 4096 755 4162 lubor
788 4097 950 4183 agitavit3
984 4099 1030 4166 sio
1067 4123 1164 4189 super
1201 4109 1398 4179 sanctonus,

274 4196 433 4263 Romanus
466 4198 607 4264 ooolesiae
640 4198 829 4281 ourdinoies
859 4201 948 4265 orbis
971 4206 1132 4267 terrorum
1167 4204 1224 4289 qui
1256 4226 1323 4269 non

274 4300 540 4379 commovebitur,
556 4300 592 4365 id
607 4306 666 4379 est,
681 4302 876 4367 universatis
893 4302 1025 4369 eoelosio
1040 4326 1113 4390 quae
1127 4306 1225 4371 nullis
1240 4328 1325 4371 oom-

275 4402 478 4467 motionibus
512 4426 534 4467 u
564 4402 748 4469 stabilitate
778 4404 856 4469 fidei
879 4404 1046 4484 deicietur,
1070 4409 1136 4471 fixo
1158 4407 1324 4489 innititur,

445 4616 554 4623 .—----
568 4618 582 4622 -
597 4616 626 4622 -..
637 4618 641 4621 .
653 4617 661 4621 .
672 4617 677 4621 .
696 4618 718 4622 .—
730 4618 754 4623 .,.
784 4618 789 4621 .
817 4618 824 4622 .
840 4617 942 4623 ...um-n.-
954 4618 1004 4623 --.—-
1013 4618 1226 4627 .-,.——-..—.-
1233 4622 1321 4629 ...ι-...-

582 4748 589 4779 ¹
605 4747 757 4815 sanctitatis]
777 4749 911 4810 societatis,
924 4750 1013 4803 000.
