3500 5784
650 863 827 916 rrrsroun
1199 851 1263 916 341
1313 951 1317 963 .

219 1032 344 1100 domini
388 1033 486 1122 Papae
529 1034 740 1122 proponimus
756 1059 758 1064 ·
776 1057 835 1122 per
872 1056 932 1102 nos
968 1038 1063 1124 ipsos
1122 1036 1267 1106 Noverit
1275 1051 1367 1118 image
1379 1052 1430 1104 im-

217 1136 330 1224 itaque
351 1141 471 1204 vestrae
493 1135 692 1204 sinceritatis
714 1137 876 1217 discretio
909 1139 997 1226 quod
1028 1161 1090 1206 nos
1122 1140 1207 1206 nihil
1228 1120 1433 1250 in{'ff,}‘{‚‘¹0}}{on

217 1239 279 1305 hoc
300 1251 394 1326 parte
416 1259 554 1326 pernes
575 1239 663 1328 ipsos
684 1239 828 1320 facimus,
852 1240 915 1308 hoc
936 1248 994 1321 est,
1017 1248 1132 1310 nostra
1152 1249 1264 1310 aucto-
1276 1251 1424 1320 nedegy.

216 1342 326 1418 ritate,
341 1342 396 1407 vel
417 1341 498 1422 soli3
521 1363 595 1408 cum
610 1342 810 1409 venerabiles
832 1347 943 1431 patres
957 1344 1138 1434 coepiscopi
1158 1349 1266 1412 nostri

217 1444 252 1508 id
266 1441 371 1510 idem¹
384 1443 515 1523 faciant,
538 1444 592 1510 vel
609 1446 682 1531 jam
703 1445 829 1532 pridem
845 1447 977 1514 effectui
994 1449 1264 1535 mancipaverint,

217 1547 395 1614 secundum
427 1547 566 1612 formam
597 1570 618 1612 a
650 1549 807 1635 magistro
836 1547 984 1615 Martino
1006 1551 1133 1617 domini
1166 1551 1265 1640 Papoe

216 1652 344 1729 nuncio,
367 1650 448 1716 dum
480 1650 586 1716 adhue
617 1649 653 1714 in
686 1649 738 1716 his
772 1651 922 1738 partibus
952 1674 1077 1718 moram
1109 1653 1263 1734 traheret,

216 1753 338 1820 eisdem
359 1752 518 1819 traditam
529 1775 538 1832 ;
560 1773 642 1838 quos
664 1751 816 1820 similiter
837 1759 876 1820 ut
897 1775 959 1819 nos
980 1755 1077 1821 adid
1098 1755 1265 1844 compellit

216 1855 334 1922 summi
371 1854 540 1922 Pontificis
576 1855 754 1922 auctoritas
796 1859 831 1922 et
866 1863 1074 1945 praeceptum,
1108 1858 1162 1924 cui
1194 1880 1262 1924 non
1380 1844 1383 1854 ⁵

215 1959 346 2026 obedire
369 1957 470 2045 quari
488 1961 664 2046 peccatum
695 1964 743 2024 est
774 1957 955 2026 orioluadi
975 1966 1007 2028 ct
1035 1959 1138 2048 meari
1158 1959 1261 2028 rochia
1275 1980 1286 2024 1
1301 1975 1423 2030 smuxv.

214 2059 418 2128 labarae
431 2081 505 2126 awa
518 2059 736 2147 wpubecma
770 2059 804 2125 N
806 2083 849 2127 on
863 2062 967 2149 igitur
980 2067 1031 2129 est
1043 2061 1262 2132 admiratione
1273 2048 1314 2095 ²³·

216 2165 360 2253 dignum,
384 2163 472 2250 quod
501 2163 678 2250 coepiscopi
712 2163 817 2229 nostri
850 2170 885 2230 et
916 2186 978 2230 nos
1008 2166 1044 2230 in
1077 2163 1139 2234 hoc
1168 2173 1264 2255 parte

215 2267 358 2344 facimus,
382 2264 441 2332 sed
462 2264 677 2331 admiratione
700 2265 864 2332 multost
886 2266 1116 2354 indignatione
1147 2291 1262 2356 quam-

215 2370 355 2458 plurima
391 2374 477 2434 esset
514 2367 750 2455 dignissimum,
784 2367 813 2432 si
844 2368 944 2434 etiam
977 2392 1045 2436 non
1078 2372 1187 2458 rogati
1207 2373 1262 2439 vel

211 2473 293 2560 jussi
315 2471 439 2558 aliquid
462 2469 650 2557 hujusmodi
665 2469 719 2535 rel
741 2470 842 2536 etiam
865 2471 972 2558 majus
993 2494 1061 2539 non
1076 2472 1260 2542 faceremus

214 2575 374 2642 Videmus
396 2575 485 2640 enim
507 2577 634 2660 patrem
665 2575 816 2638 nostrum
850 2580 885 2639 et
918 2579 1058 2640 matram
1089 2577 1260 2664 spiritales,

214 2677 333 2766 quibus
355 2673 657 2762 incomparabiliter
678 2676 752 2762 plus
774 2697 872 2762 quam
903 2677 1088 2743 carnalibus
1110 2684 1262 2746 tenemur

214 2781 257 2848 ad
279 2780 443 2856 honorem,
467 2777 697 2859 obedientiam,
729 2778 956 2860 reverentiam,
979 2785 1014 2845 et
1044 2780 1082 2846 in
1116 2781 1184 2846 suis
1205 2804 1262 2848 ne-

214 2883 419 2950 cessitatibus
442 2880 663 2947 omnimodam
685 2880 946 2962 subventionem,
969 2881 1069 2948 exilio
1091 2883 1260 2970 relegatos,

214 2985 492 3074 persecutionibus
514 2988 549 3048 et
571 2982 840 3048 tribulationibus
862 2985 1008 3070 undique
1022 2991 1260 3072 coangurstates,

214 3087 411 3177 patrimonio
433 3107 492 3151 suo
521 3083 683 3172 spoliatos,
717 3084 757 3151 de
790 3087 931 3173 proprio,
957 3087 1054 3166 unde,
1089 3093 1128 3153 ut
1159 3087 1261 3171 decet,

212 3193 447 3266 sustententur,
471 3209 537 3253 non
559 3187 724 3252 hahentes
770 3185 806 3252 Si
837 3187 942 3274 igitur
962 3189 1009 3255 eis
1030 3190 1066 3254 in
1089 3189 1149 3255 tali
1171 3196 1263 3258 statu

213 3291 432 3361 existentibus
454 3312 521 3356 non
543 3287 784 3370 subveniamus,
807 3295 933 3355 eertum
965 3296 1016 3356 est
1049 3293 1137 3377 quod
1170 3315 1263 3358 man·

213 3395 328 3461 datum
351 3393 485 3459 Domini
517 3391 557 3457 de
589 3391 778 3459 honorando
807 3397 958 3480 parentes
990 3395 1258 3482 transgredimur,

212 3520 271 3564 nec
292 3517 395 3583 super
410 3502 536 3561 aarum
558 3492 702 3580 loapoeca‘
716 3493 855 3574 eruam,
870 3517 930 3560 nec
951 3496 988 3560 in
1002 3496 1079 3562 filiis
1096 3497 1351 3583 jocunda-noa
1363 3522 1409 3560 xx.
1520 3540 1525 3551 ·

212 3599 328 3680 bimur,
351 3598 469 3664 necin
492 3597 545 3662 die
568 3597 724 3663 orationis
750 3601 872 3663 nostrae
904 3599 1126 3679 exaudiemur,
1158 3602 1257 3668 timo·
1271 3578 1309 3624 ¹²·

212 3723 343 3788 remque
381 3700 517 3766 Domini
553 3699 738 3778 abiciemus,
777 3704 811 3765 et
852 3701 1112 3767 benedictionem
1149 3703 1260 3793 Ipsius

211 3805 371 3880 nolumus,
409 3802 585 3887 domosque
622 3801 766 3866 filiorum
803 3801 1017 3883 infirmamus,
1048 3805 1142 3871 nobis
1178 3808 1259 3895 ipsis

212 3906 359 3972 dedecori
381 3925 502 3985 sumus,
525 3903 645 3969 famam
669 3903 788 3969 malem
811 3909 845 3968 et
868 3903 1130 3972 maledictionem
1160 3931 1259 3996 super

211 4030 270 4074 nos
291 4007 540 4086 accumulamus,
571 4007 656 4072 sicut
685 4027 728 4071 ex
758 4005 938 4094 Scripturas
962 4009 1161 4076 testimoniis
1191 4013 1258 4077 evi-

211 4111 327 4177 denter
338 4109 535 4198 perpendere
550 4131 728 4196 possumus.
761 4108 839 4174 Non
853 4109 959 4196 igitur
972 4111 1063 4198 regia
1076 4111 1256 4193 elementia,

211 4235 285 4300 quae
321 4213 477 4278 thronum
504 4211 615 4276 firmat
650 4211 788 4298 regium,
813 4211 978 4278 inhibebit
1010 4221 1070 4280 aut
1099 4215 1257 4302 impediet

210 4315 294 4381 filios
316 4319 445 4402 patrem
467 4319 501 4380 et
523 4318 662 4379 matrem
693 4311 852 4379 honorare
873 4314 1030 4395 volentes,
1063 4318 1121 4382 sed
1152 4320 1257 4407 magis

209 4417 270 4484 hoc
292 4439 403 4484 eorum
426 4418 639 4506 propositum,
661 4422 700 4482 ut
722 4416 845 4506 regiam
872 4417 966 4483 decet
980 4418 1256 4507 magnificentiam

408 4743 539 4812 ἰιι-ιιι]
558 4743 791 4806 iraeneum
808 4745 1044 4816 crisenone,
